3374 5232
371 1265 373 1270 ¹
473 1327 544 1418 aa
578 1303 782 1413 rorare
811 1328 1250 1434 rruuuruusruu

785 1641 887 1653 MUWMb
893 1642 944 1653 Νῦν·

747 1860 802 1910 Nor
822 1864 859 1911 eat
875 1859 1003 1910 eonsilium
1023 1861 1049 1910 in
1068 1859 1139 1924 volgo
1156 1876 1203 1910 nor
1227 1863 1301 1922 ratio,
1324 1879 1372 1914 nou

780 1941 919 2006 diligentia,
939 1957 987 1992 non
1003 1942 1139 1995 discrimen.

1061 2026 1112 2080 Cio.
1130 2042 1174 2092 pro
1190 2027 1271 2081 Pleno.
1386 2051 1391 2058 ·

749 2107 803 2159 Non
813 2122 906 2175 semper
920 2109 996 2160 danda
1010 2112 1122 2176 pecuum,
1135 2110 1271 2174 langueooat
1282 2111 1371 2179 alioqui

780 2191 911 2255 industria,
926 2193 1063 2242 intendetur
1076 2193 1195 2254 aooordia,
1212 2193 1233 2242 ai
1252 2193 1333 2244 uullua
1344 2209 1372 2244 ex

779 2289 804 2323 aa
827 2277 904 2324 metuo
926 2279 968 2325 aut
987 2290 1039 2338 epea
1056 2279 1081 2324 et
1100 2275 1176 2325 aeouri
1198 2291 1278 2326 omnea
1295 2276 1372 2326 aliena

779 2355 885 2407 aubaidia
910 2356 1088 2422 exapeetobant,
1117 2357 1163 2408 eibi
1186 2359 1278 2422 ignovi,
1303 2358 1371 2410 nobie

777 2452 868 2501 graues.

1059 2523 1114 2576 Tae.
1131 2525 1193 2578 Anu.
1211 2522 1247 2575 11.
1264 2523 1303 2575 38.

395 2801 562 2888 Postquam
584 2800 716 2867 vidimus
738 2805 859 2887 poetam
882 2801 915 2866 iu
935 2800 1100 2888 Equitibus
1122 2802 1249 2888 aliisque
1263 2779 1373 2870 fabulis¹

351 2944 512 3009 pravorum
545 2921 780 3009 demagogorum
815 2925 894 2986 artes
926 2921 1143 3009 exagitantem,
1173 2922 1234 2989 iam
1265 2945 1372 3011 operae

350 3041 482 3130 pretium
504 3048 550 3107 est
572 3040 728 3127 indagare,
744 3062 822 3126 quae
837 3040 928 3106 fuerit
943 3040 1009 3106 eius
1024 3034 1174 3108 sententia
1189 3042 1227 3108 de
1241 3044 1370 3133 populo,

352 3162 407 3250 qui
435 3185 468 3228 se
497 3183 612 3248 sueque
638 3160 698 3226 illis
726 3160 869 3226 erederet.
914 3159 1023 3226 Libere
1044 3160 1158 3248 ubique
1179 3161 1279 3229 utitur
1301 3185 1371 3230 oon·

352 3306 434 3352 oeaaa
464 3281 603 3348 libertate
635 3281 674 3346 ad
695 3280 843 3368 populum
865 3281 1063 3367 carpendum,
1088 3281 1233 3368 inquom
1256 3283 1373 3370 delegat

352 3403 472 3493 eulpam
495 3401 644 3469 malorum
663 3399 815 3481 civitatis,
838 3421 938 3485 nequo
956 3400 1078 3465 desistit
1091 3400 1213 3467 laudare
1228 3400 1371 3482 maiores,

352 3545 371 3590 a
409 3543 540 3610 quorum
582 3521 696 3586 virtute
736 3519 822 3586 valdo
861 3519 1067 3607 degeneraret.
1123 3521 1303 3587 Praesertim
1340 3522 1372 3587 in

353 3641 474 3724 fabula,
503 3663 594 3729 qaam
612 3641 690 3728 'ipse
718 3645 806 3728 poeta
833 3639 948 3726 primus
978 3640 1085 3707 doouit
1119 3664 1187 3707 eum
1223 3640 1372 3728 Equitum

353 3764 499 3852 applausu
521 3767 552 3828 et
574 3760 706 3843 auxilio,
731 3760 822 3825 simul
839 3761 943 3848 jocose
964 3766 995 3826 et
1017 3760 1195 3826 mordaciter
1216 3761 1374 3829 cavilletur

351 3882 510 3972 populum.
556 3880 606 3946 Ibi
628 3880 709 3947 enim
729 3879 872 3968 producit
893 3879 925 3945 in
949 3903 1068 3946 scenam
1090 3902 1192 3947 senem
1207 3883 1373 3950 somnolen-

352 4009 437 4085 tum,
469 4001 650 4082 credulum,¹
671 4000 833 4087 puerilem,
857 3999 907 4065 oui
931 3998 1028 4081 servi,
1054 4006 1089 4066 ut
1110 4001 1161 4083 fit,
1186 4001 1283 4068 dolosi
1305 4001 1374 4069 sub·

351 4123 536 4191 blandiendo
567 4120 658 4187 verba
688 4121 778 4201 dant,
809 4142 869 4206 qua
896 4119 996 4207 lepido
1019 4119 1143 4186 fictione
1164 4120 1243 4186 nihil
1266 4120 1374 4187 melius
1498 4109 1503 4119 ’
