3374 5232
820 437 860 497 25

456 650 597 731 ὁπότερος
621 649 660 716 ἄν
683 656 771 732 σφῶν
793 647 826 716 εὗ
849 676 890 730 με
914 658 1038 731 μᾶλλον
1064 657 1115 718 νῦν
1138 663 1208 736 corp

456 770 554 850 τούτῳ
574 771 746 853 παραδώσω
768 777 824 845 τίς
845 771 957 843 πυκνὸς
976 769 1035 844 τίις
1060 773 1158 848 ἡνίας.

331 949 373 1014 τίν
410 950 615 1027 θωτενμνίτνα
644 950 697 1016 καί
724 950 901 1033 μικρότατα
928 951 1137 1031 δελεάσματα
1174 953 1243 1040 (Rq.
1273 956 1349 1040 215)

330 1075 401 1135 sunt
430 1069 586 1157 aptissima
614 1071 652 1136 ad
678 1073 842 1138 movendos
875 1070 1082 1139 multitudinis
1113 1074 1241 1140 animos.
1288 1065 1350 1142 Ubi

329 1189 498 1255 insiciarius
520 1189 631 1276 populo
654 1190 748 1257 donat
769 1190 940 1278 pulvinum.
964 1191 1034 1278 (uq.
1059 1194 1140 1274 781,
1167 1195 1253 1279 785).

450 1370 501 1436 ίνα
521 1372 566 1450 μὴ
589 1371 681 1454 τρίβῃ
704 1373 759 1446 τὴν
784 1373 813 1437 ἐν
839 1381 1013 1452 Σαλαμῖνι.

451 1489 481 1564 dc
505 1492 664 1575 διεξιφίσω
687 1494 831 1574 περὶτῆς
856 1494 961 1575 χώρας
988 1494 1163 1574 Μαραθῶνι.

330 1681 414 1740 tanta
435 1674 613 1741 liberalitate
634 1677 789 1763 perculsus
812 1677 957 1743 exclamat
981 1677 1095 1743 Demus

328 1855 464 1936 ἄνθρωπε
488 1858 535 1930 τίς
559 1854 604 1940 είς
622 1863 686 1936 μῶν
704 1856 826 1937 ἔκγονος
843 1853 874 1923 εί
889 1859 948 1923 τῶν
964 1856 1124 1938 ‘Apporto
1143 1882 1189 1931 τις
1208 1858 1344 1933 ἐκείναις

371 2053 437 2122 Iam
472 2076 507 2119 eo
544 2053 736 2142 degenerarit
772 2054 903 2142 populns
930 2077 948 2119 a
975 2053 1122 2119 maiorum
1152 2053 1280 2135 virtute,
1312 2060 1348 2120 ut

327 2173 472 2239 insiciarii
496 2173 610 2239 donum
635 2173 831 2254 vilissimum,
856 2173 945 2238 modo
960 2173 1077 2260 corpori
1091 2171 1179 2255 utile,
1196 2181 1348 2260 comparet

325 2315 394 2358 cum
416 2292 469 2358 illo
488 2292 724 2380 praeclarissimo
746 2291 894 2373 facinore,
919 2313 979 2376 quo
1001 2292 1099 2379 patria
1121 2291 1152 2358 in
1177 2291 1347 2359 libertatem

324 2419 403 2477 esset
436 2411 589 2478 vindicata
595 2437 604 2491 3
640 2419 673 2476 ut
702 2411 938 2497 perditissimum
978 2433 1128 2498 quemque
1161 2411 1347 2478 adulatorem

324 2533 385 2598 iam
414 2531 509 2618 pluris
544 2537 706 2611 aestumat,
738 2552 830 2617 quam
868 2513 1121 2626 Themistlloolem
1153 2531 1258 2613 illum,
1293 2533 1347 2617 qui

323 2651 463 2717 Piraeum
491 2650 653 2716 muniendo
683 2671 754 2736 opes
781 2655 812 2715 et
843 2649 969 2736 gloriam
998 2648 1083 2715 urbis
1113 2651 1243 2718 maxime
1272 2675 1347 2718 aux·

325 2769 407 2835 isset.

367 2887 484 2955 Stolida
516 2911 600 2955 mens
621 2888 716 2977 plebis
737 2910 828 2976 penes
852 2910 942 2975 quam
965 2911 1081 2956 summa
1103 2911 1203 2956 rerum
1226 2913 1347 2978 tempu·

324 3009 436 3075 blicam
458 3009 489 3076 in
510 3008 675 3098 perniciem
697 3009 892 3096 praecipitat3
915 3032 985 3075 nam
1007 3010 1049 3075 ibi
1072 3010 1212 3097 inprimis
1229 3011 1347 3099 indiget

323 3151 395 3196 sana
418 3137 517 3196 mente
536 3130 590 3195 ubi
609 3128 739 3195 maxime
762 3152 839 3216 opus
858 3137 946 3196 esset.
971 3129 1040 3215 (uq.
1066 3132 1154 3216 ⁷52).

782 3311 795 3374 ί
819 3310 881 3390 γὰρ
904 3310 999 3391 γέρων

499 3433 570 3498 ιίιινι
594 3435 651 3512 μὲν
672 3435 783 3513 ἀνδρῶν
802 3431 867 3496 ἐντί
898 3429 1096 3508 δεξιώτατος,

498 3551 572 3620 ὅταν
595 3555 622 3621 δ’
636 3555 686 3628 iai
708 3553 842 3630 ταυτησί
869 3554 1002 3627 καθῆται
1025 3560 1080 3628 τῆς
1104 3555 1221 3635 πέτρας

503 3676 644 3758 κέχηνεν.

365 3873 445 3961 llrgo
467 3873 568 3950 domi,
596 3873 648 3938 ubi
678 3871 774 3958 sapit,
806 3871 936 3959 populus
960 3877 1014 3938 su'a
1037 3879 1125 3960 agat3
1149 3874 1202 3940 sed
1225 3896 1343 3961 rempu-

320 3993 429 4059 blicam
452 3990 716 4058 administrandam
740 3991 897 4078 permittat
920 3991 1008 4072 viris,
1033 3993 1085 4078 qui
1109 4015 1208 4059 rerum
1236 3995 1343 4080 peritia

320 4113 348 4181 ai
368 4114 507 4201 prodesse
530 4113 662 4199 possint;
686 4120 791 4180 careat
811 4135 849 4178 ne
872 4133 926 4178 sua
951 4112 1121 4199 ignorantia
1144 4114 1340 4200 nequissimis
