3374 5232
838 441 878 503 22

355 653 386 711 et
404 648 496 734 probe
518 651 633 734 emens,
657 672 742 720 suam
765 657 934 742 potentiam
957 661 1035 721 stare
1057 656 1083 720 ei
1102 657 1259 744 indulgeat
1275 657 1369 744 plebia

353 767 562 854 voluptatibus
593 777 697 838 eante
725 774 930 841 assensuum
959 775 1065 842 iactae
1099 761 1158 862 aa
1183 779 1367 845 trenam.

491 947 611 1016 citt'ci
641 954 770 1036 πονηρὲ,
794 953 840 1019 aci
866 955 923 1032 μὲν
950 956 1032 1022 οὐδὲν
1055 955 1194 1021 πείθεται

490 1071 551 1151 ἐγὼ
574 1071 600 1136 δ’
614 1073 726 1140 ἐκείνου
747 1079 919 1156 καταγελῶ
943 1073 1045 1156 γ’ὅσον
1066 1077 1142 1142 θέλω
1251 1161 1254 1168 Α

488 1191 665 1273 ἐπίσταμαι
691 1196 754 1278 γὰρ
779 1197 872 1262 αὐτὸν
894 1194 936 1270 οἷς
962 1197 1152 1282 ψωμίζεται.

397 1371 516 1462 Populo
553 1377 760 1465 acceptissima
797 1389 869 1445 sunt
904 1403 939 1446 ea
975 1382 1120 1447 beneficia
1131 1432 1141 1464 ,
1179 1405 1256 1468 quae
1296 1406 1366 1449 suae

349 1492 489 1560 aviditati
516 1501 548 1561 et
574 1497 703 1563 vanitati
729 1499 860 1566 maxime
887 1501 1089 1583 satisfaciant,
1113 1508 1245 1568 ceterum
1267 1505 1365 1590 reipu·
1469 1490 1472 1497 ¹

347 1611 442 1679 blicae
470 1617 624 1682 consulere
650 1641 747 1703 neque
775 1620 855 1686 valet
877 1605 976 1705 neque
998 1621 1063 1686 vult
1085 1629 1206 1709 propter
1228 1624 1366 1710 ignoran-

348 1733 423 1799 tiam
445 1741 476 1800 et
497 1717 690 1823 imperitiam.
718 1737 909 1826 largitiones
936 1740 1163 1816 frumentariae,
1185 1742 1253 1827 (tq.
1280 1745 1364 1806 1110

348 1858 652 1956 Vesp3715—718)
676 1881 788 1924 merces
810 1859 1084 1952 iudiciaria-quae,
1108 1861 1220 1927 Cleone
1243 1869 1365 1927 auctore

346 1976 384 2041 ad
407 1982 467 2042 bas
491 1976 593 2042 obstas
616 1983 806 2050 esttenete,
832 1979 952 2044 oracula
969 1979 1078 2044 blanda
1092 1977 1211 2061 inania,
1227 1979 1363 2062 cbscura,

346 2094 468 2188 tibimiri
502 2069 730 2184 stupidissima¹
758 2098 867 2184 cuique
908 2098 1062 2164 credibilia
1104 2099 1185 2185 plebi
1226 2100 1369 2186 inprimis
1442 2119 1444 2123 ·

345 2213 515 2303 platbbant3
539 2223 575 2281 ut
597 2216 673 2282 titud
699 2216 890 2282 notissimum
915 2217 951 2282 da
974 2217 1104 2283 Athenis
1127 2219 1296 2284 oraculum:

391 2397 535 2477 εὔδαιμον
556 2399 731 2480 πτολιέθρον
756 2397 918 2474 Ἀθηναίης
943 2399 1105 2476 ἀγελαίας,

392 2519 498 2586 πολλὰ
518 2519 603 2585 Fata
631 2519 684 2583 καὶ
705 2519 813 2584 πολλα
840 2520 936 2585 παθὸν
966 2518 1018 2583 καὶ
1042 2521 1148 2584 πολλὰ
1174 2528 1319 2600 uceticae

390 2639 492 2714 αἰετὸς
518 2640 549 2704 ἓν
578 2637 724 2724 νεφέλῃσι
751 2640 898 2718 γενήσεαι
923 2637 1034 2718 ἤματα
1052 2639 1159 2705 πάντα

390 2817 558 2908 Aptissima
578 2828 665 2886 erant
685 2821 724 2886 ad
746 2821 929 2886 movendum
952 2823 1057 2887 venale
1078 2828 1109 2886 et
1123 2823 1365 2908 superstitiosum

345 2941 442 3030 plebis
475 2941 647 3029 ingenium,
682 2957 744 3028 quo
769 2941 899 3008 obnoxia
926 2948 1004 3007 esset
1025 2942 1123 3028 pn'mo
1155 2943 1279 3027 cuique,
1303 2945 1364 3034 'qui

296 3133 300 3142 ,
345 3061 452 3156 callide
475 3061 539 3127 eius
563 3080 657 3149 prava
684 3061 785 3127 studia
806 3061 839 3128 fn
861 3081 946 3128 suam
969 3084 1032 3127 rem
1056 3068 1169 3127 vertere
1192 3063 1291 3128 sciret.

391 3176 608 3268 Aristophanes
644 3181 749 3246 multis
783 3182 857 3247 locis
891 3182 964 3248 haec
997 3182 1104 3269 populi
1139 3181 1214 3247 vitia
1247 3184 1363 3270 tangit,

347 3301 459 3390 quippe
480 3315 558 3388 qnae
580 3309 678 3368 essent
700 3301 882 3388 reipublicae
904 3301 1166 3388 perniciosissima.
1201 3301 1252 3366 Sic
1270 3325 1364 3390 popu·

346 3425 427 3504 lam,
470 3437 503 3486 se
537 3433 592 3508 pro
626 3419 750 3486 domino
784 3420 960 3502 habentem,
1003 3440 1105 3486 revera
1143 3422 1364 3486 moderatorum

345 3557 465 3608 servum
487 3555 552 3607 ease
574 3541 722 3622 ostendit,
746 3561 836 3626 quem
860 3541 899 3607 ob
919 3542 1119 3627 ignorantiam
1142 3547 1172 3605 et
1187 3540 1363 3607 aviditatem

346 3663 454 3750 eaigua
477 3660 612 3727 mercede
635 3667 810 3726 contentum
830 3659 984 3746 decipiant
1004 3658 1181 3744 nequissimi
1205 3659 1279 3739 viri,
1303 3660 1363 3746 ipsi

347 3797 490 3870 magnum
511 3783 629 3847 lucrum
648 3781 802 3846 facientes.
836 3779 930 3862 Cuius
944 3779 988 3843 rei
1004 3796 1092 3843 causa
1107 3777 1361 3860 luculentissima,

346 3903 427 3991 quod
452 3895 618 3968 multitudo
645 3921 706 3966 non
729 3900 801 3964 satis
822 3898 922 3985 sapiat
945 3898 983 3963 ad
1005 3897 1166 3984 imperium
1188 3898 1362 3965 tenendum.

345 4023 417 4088 Nisi
448 4023 493 4087 vir
522 4019 635 4110 probus
666 4027 697 4085 et
720 4019 838 4106 sapiens
862 4018 889 4083 ei
915 4017 1038 4103 praesit,
1063 4039 1124 4081 non
1150 4022 1251 4102 potest
1275 4018 1361 4083 aliter

345 4143 464 4208 evenire
488 4142 562 4227 quin
586 4139 754 4227 respublica
778 4137 883 4226 populi
902 4136 1031 4201 'licentia
1054 4136 1128 4202 male
1150 4144 1260 4221 pereat.
