3374 5232
810 429 849 488 95

318 641 505 704 condicionis
533 641 642 726 cupido
664 641 810 704 invaserit
832 663 899 718 eoa,
923 640 976 724 qui
1002 639 1083 704 vitae
1107 639 1235 702 urbanae
1258 637 1335 700 mala

318 760 433 845 experti
460 769 568 824 essent.

361 881 457 943 Poeta
491 887 609 958 autem,
640 877 811 963 intelligens
834 877 966 942 reditum
988 878 1020 940 in
1044 897 1131 960 agros
1153 893 1214 938 nou
1238 872 1335 937 solum

317 998 376 1082 ipsi
408 998 489 1083 plebi
523 1000 587 1062 fore
620 997 863 1077 saluberrimum,
900 997 951 1061 sed
986 997 1077 1060 etiem
1108 994 1166 1059 sibi
1189 993 1333 1078 aliisque,

316 1119 371 1201 qui
393 1117 496 1182 turbae
519 1119 666 1197 incultae,
689 1119 863 1204 demagogis
881 1116 1027 1184 obnoxiae
1045 1114 1197 1180 licentiam
1216 1113 1248 1177 in
1261 1111 1334 1177 urbe

316 1243 500 1317 metuerent,
523 1259 670 1302 summam
682 1238 805 1302 adhibet
815 1246 909 1302 artem
920 1245 956 1300 ut
967 1237 1048 1301 ritae
1060 1234 1191 1300 rusticae
1203 1231 1332 1297 amoeni·

316 1363 409 1420 tatem
439 1356 599 1444 depingat,
630 1359 717 1422 cuius
745 1357 926 1422 desiderium
949 1357 1017 1442 paci
1040 1361 1116 1420 esset
1139 1353 1334 1440 opportunis-

315 1477 443 1556 simum,
473 1499 571 1562 neque
601 1477 801 1542 dubitandum
831 1478 905 1561 quin
940 1475 1118 1551 multorum,
1148 1494 1225 1557 quos
1248 1471 1329 1535 vitae

316 1595 446 1660 urbanae
467 1595 615 1675 taederet,
639 1605 712 1660 vota
733 1599 881 1681 exprimat
904 1595 1011 1660 chorus
1036 1596 1077 1679 (r.
1103 1592 1306 1674 aaa-mm:

404 1786 497 1855 χοῖρε
522 1780 611 1858 χνῑρ
633 1779 670 1850 ὡς
696 1773 784 1850 ἦλθες
809 1779 883 1853 ἡμῖν
907 1749 1067 1853 ἀσμένοισι
1099 1770 1243 1853 <patretur

404 1898 446 1974 σῷ
471 1897 534 1976 γὰρ
559 1897 675 1974 ἕδοὶρινν
699 1897 778 1978 πόθῳ

406 2017 549 2094 δαιμόνιοι
572 2018 759 2096 βουλόμενος

405 2141 447 2209 εἷς
478 2141 572 2218 οὶγρὸν
598 2139 780 2218 ἀνερπύσαι.

406 2255 484 2331 dcta
511 2258 573 2337 γὰρ
599 2258 749 2335 μέγιστον
772 2259 845 2334 ἡμῖν
870 2257 990 2335 κέρδος,
1014 2252 1033 2318 ὦ
1059 2255 1226 2331 ποθουμένη

360 2438 448 2503 Nihil
486 2440 581 2526 magis
614 2463 705 2525 quam
733 2440 765 2504 id
796 2429 894 2526 egisse
922 2439 997 2504 mihi
1028 2440 1150 2504 videtur
1170 2447 1275 2526 poeta,
1300 2446 1333 2504 ut

314 2558 396 2644 plebs
428 2558 540 2623 rustica
567 2559 631 2644 ipsa
653 2559 795 2639 sentiret,
827 2559 910 2643 quod
933 2560 1042 2624 chorus
1065 2559 1177 2624 comice
1201 2559 1277 2623 dicit
1299 2560 1333 2623 in

317 2678 437 2744 laudem
460 2679 550 2744 Pacis
576 2682 618 2764 (v.
643 2681 735 2764 595):

402 2869 466 2931 τοῖς
492 2860 678 2940 ἀγροίκοισιν
706 2861 768 2939 γὰρ
795 2855 873 2932 ἦσθον
897 2862 994 2940 χῖδροι
1022 2861 1074 2926 acl
1099 2861 1244 2941 σωτηρίαι.

359 3039 497 3128 Denique
528 3041 592 3106 sola
621 3042 654 3105 iu
681 3063 754 3127 pace
784 3042 958 3106 felicitatem
988 3047 1019 3105 et
1043 3042 1172 3107 salutem
1203 3043 1333 3128 positam

315 3181 376 3224 csse
398 3161 512 3226 civium
535 3168 566 3224 et
583 3161 684 3246 potius
704 3184 823 3226 omnem
843 3162 956 3247 gloriae
976 3161 1148 3247 cupidinem
1169 3161 1331 3227 etambiti-

314 3301 403 3345 0nem
432 3303 497 3344 esse
527 3281 739 3358 omittendam,
763 3303 855 3365 quam
879 3282 992 3346 civium
1018 3281 1170 3346 cumulare
1197 3281 1332 3367 pericula

312 3406 343 3463 et
374 3399 489 3465 labores
522 3399 593 3464 belli
626 3407 716 3485 poeta
748 3422 802 3486 pro
836 3407 918 3464 certo
947 3399 1052 3480 habet,
1084 3401 1272 3466 humanitate
1300 3409 1331 3464 et

217 3487 221 3500 ¹
312 3519 425 3605 patriae
458 3517 572 3599 amore,
601 3541 756 3598 necnon,
780 3519 902 3605 opinor,
928 3519 1040 3605 qnietis
1062 3519 1159 3586 laetae
1181 3520 1330 3585 desiderio

311 3639 465 3706 inductus.
510 3640 710 3705 Vehementer
732 3640 813 3704 enim
835 3640 900 3704 odit
923 3640 1130 3706 condicionem
1153 3641 1239 3707 illam
1261 3641 1330 3706 trie-

312 3767 371 3823 tem
409 3781 425 3823 e
452 3760 623 3826 civitatium
654 3761 853 3826 aemulatione
883 3783 976 3847 prava
1007 3768 1038 3826 et
1065 3762 1180 3826 invidia
1214 3768 1328 3842 ortam,

312 3901 388 3962 quae
420 3881 523 3946 multis
556 3887 634 3945 esset
666 3881 885 3948 molestissima.
930 3881 1062 3947 Assidue
1095 3882 1193 3970 igitur
1225 3905 1328 3970 pacem

311 3998 431 4078 suadet,
454 3989 488 4063 in
511 4001 595 4085 parte
618 4005 700 4066 stans
720 3999 972 4082 illiusfactionis,
997 4001 1047 4065 cui
1069 4000 1174 4065 Nicias
1194 4009 1330 4087 praeerat

311 4115 389 4196 dux,
425 4117 461 4182 de
490 4119 577 4184 cuius
610 4119 693 4204 pacis
721 4141 820 4184 amore
855 4120 927 4184 haec
960 4120 1053 4186 tradit
1086 4119 1183 4186 Thac.
1219 4119 1257 4186 V.
1288 4124 1327 4185 16
