3374 5232
817 437 857 496 12

332 657 362 716 te
388 650 524 738 aoeipere
547 649 653 736 digitis
669 654 841 734 computare
853 650 966 734 poesie,¹
983 649 1085 714 omnia
1108 656 1205 715 cetera
1217 649 1347 716 defluere

332 769 438 858 (Vesp.
462 771 549 854 666.)

332 954 362 1026 ἐς
386 953 510 1024 τούτους
537 951 607 1042 τους
634 948 706 1029 οὐχ)
734 947 874 1027 προδώσω
892 949 944 1011 τὸν
966 947 1132 1022 Ἀθηναίων
1155 946 1345 1027 κολοσυρτόν.

333 1071 422 1138 ἄλλο)
447 1073 618 1150 μοιχοῖιμοιι
639 1067 707 1148 περ)
729 1072 782 1132 τοῦ
811 1066 944 1142 πλήθους
969 1067 1030 1132 υἱοὶ.

382 1253 505 1320 Talibus
544 1251 644 1317 verbis
683 1250 843 1336 deeeptus,
877 1248 1005 1336 populus
1041 1248 1121 1334 (τοὺς
1151 1246 1346 1329 ἀργελόφους

332 1373 538 1457 περιτρώγων)
568 1368 665 1456 speeie
689 1369 809 1454 imperii
838 1374 869 1432 et
896 1367 1004 1454 exigua
1035 1366 1167 1432 mercede
1190 1373 1348 1432 contentus

333 1501 395 1575 est3
426 1490 584 1578 demagogi
610 1494 714 1554 eontra
744 1486 908 1552 mercedem
938 1485 1091 1573 accipiunt
1113 1509 1131 1551 a
1153 1485 1260 1566 sociis,
1295 1487 1349 1571 qui

332 1613 422 1679 facile
440 1611 621 1696 intellegunt
640 1605 806 1695 potentiam
824 1627 922 1670 veram
942 1629 1002 1670 uon
1020 1627 1083 1670 esse
1099 1627 1191 1691 penes
1202 1605 1348 1692 populum

334 1733 386 1796 sed
409 1730 491 1818 apud
516 1728 605 1794 illum
627 1726 676 1792 eui
698 1725 829 1811 populus
850 1731 1005 1811 tamquam
1028 1746 1131 1790 servus
1155 1723 1348 1811 obtemperet.

334 1849 452 1938 Populo
475 1848 529 1935 qui
552 1846 650 1911 multo
672 1865 742 1909 oum
764 1844 866 1909 labore
889 1851 919 1908 et
941 1843 1072 1930 periculo
1092 1844 1252 1930 imperium
1271 1851 1349 1910 terra

332 1968 468 2054 marique
505 1971 552 2032 eet
575 1951 696 2030 ¹nactus
734 1964 851 2030 nullum
888 1963 1027 2029 meritum
1062 1963 1151 2028 datur
1183 1964 1348 2049 praemium

334 2088 440 2174 (Vesp.
464 2086 553 2171 679).

382 2265 478 2339 οὐδεὶς
505 2263 571 2329 οὐδὲ
596 2260 736 2344 σκορόδου
756 2262 900 2344 κεφαλὴν
930 2270 994 2334 τοῖς
1021 2262 1161 2342 ἑψητοῖσι
1181 2262 1299 2329 δίδωσιν

373 2449 402 2512 Α
425 2446 523 2510 Ponto
547 2463 642 2528 usque
665 2441 703 2507 ad
726 2403 833 2506 Sardes
855 2446 1028 2528 regnantem
1047 2431 1199 2529 populum
1223 2443 1259 2508 de
1282 2443 1347 2530 pln-

324 2566 409 2633 rimia
435 2564 566 2631 urbibus
589 2561 641 2628 cui
665 2561 756 2627 diviti
778 2583 842 2626 esse
864 2560 984 2641 liceret,
1019 2561 1106 2627 ludos
1128 2562 1245 2628 faciunt
1267 2569 1348 2628 vete·

325 2694 439 2753 ratores
470 2686 496 2751 οἱ
534 2682 582 2748 atri
617 2682 810 2764 δηρίζοντες,
842 2682 929 2766 eique
959 2680 1031 2745 dant
1066 2681 1192 2768 praedae
1230 2687 1346 2768 partem

327 2827 418 2893 quam
448 2804 605 2870 minimam
636 2804 715 2888 (vers
739 2801 831 2885 690),
862 2793 923 2884 quo
953 2799 1035 2888 plebs
1057 2822 1170 2888 pauper
1192 2802 1287 2887 magis
1309 2801 1348 2866 iis
1472 2795 1476 2802 ’

325 2928 366 2993 sit
389 2924 537 3004 obnoxia,
559 2930 595 2988 ut
620 2920 757 3010 perhibet
779 2918 962 2986 Bdeluoleon
989 2921 1067 3004 (vers
1091 2899 1184 3004 763)

326 3103 493 3180 βούλονται
516 3100 579 3183 γοέρ
601 3127 636 3167 σε
659 3101 766 3174 πένητ’
788 3095 865 3164 εἷνοιι
887 3099 939 3162 uxi
961 3099 1042 3162 τοῦθ’
1065 3095 1102 3163 ὧν
1118 3098 1213 3165 οὕνεκ’
1230 3104 1282 3182 ἐρῶ
1301 3126 1346 3166 σοι

324 3221 374 3288 tta
394 3226 567 3306 γιγνώσκῃς
592 3223 641 3287 τὸν
664 3221 866 3300 τιθασευτνν,
890 3216 958 3302 κᾷθ’
981 3216 1055 3284 ὅσον
1081 3215 1165 3293 οὗτος
1191 3223 1348 3304 γ’ἐπισίζρ

763 3343 787 3362 Η

324 3343 373 3408 ἐπὶ
398 3348 457 3408 τῶν
483 3344 595 3423 ἐχθρῶν
623 3345 680 3407 τιν’
707 3339 886 3422 ἐπιρρύξας,
910 3341 1024 3421 οἱγριίος
1051 3343 1154 3411 ονῦτοῖς
1180 3342 1345 3424 ἐπιπηδᾷς.

324 3523 405 3608 (Qua
429 3523 532 3587 eadem
561 3522 781 3609 comparatione
808 3521 1025 3586 Demosthenes
1048 3544 1168 3606 quoque
1195 3523 1292 3587 utitur
1314 3523 1345 3586 in

326 3641 409 3706 Orat.
433 3639 560 3727 Olynth.
583 3641 629 3707 IV
654 3642 692 3707 cf.
709 3641 805 3706 etiam
828 3642 899 3706 Pae.
926 3643 1014 3725 640.)

369 3760 428 3825 Per
455 3782 529 3846 quos
564 3759 589 3824 si
612 3759 715 3825 liceret
743 3761 825 3824 lauta
854 3769 940 3825 esset·
961 3760 1024 3824 vita
1051 3759 1130 3846 plebi
1154 3782 1169 3822 e
1192 3759 1273 3824 mille
1297 3782 1345 3825 ur·

325 3878 426 3960 bibus,
453 3902 527 3963 quas
549 3879 640 3944 habet
664 3879 696 3943 in
714 3879 829 3944 ditione
856 3886 886 3943 et
912 3880 1048 3966 degeret,
1073 3879 1118 3944 uti
1142 3879 1244 3944 deceat
1268 3881 1348 3945 viros

325 3999 378 4085 qni
402 4005 557 4085 tropaeum
586 3998 625 4064 ad
652 3997 860 4064 Marathonem
888 3998 1044 4088 erexerint.
1092 3997 1123 4062 Si
1147 4000 1278 4085 populus
1302 4022 1346 4064 sa·

324 4124 422 4204 peret,
458 4140 527 4184 mox
559 4117 688 4198 videret,
724 4140 814 4204 quam
846 4117 934 4183 anxie
963 4117 1009 4182 illi
1038 4115 1097 4183 viri
1127 4117 1191 4182 eius
1215 4119 1345 4183 favorem
