3374 5232
835 457 875 515 58

347 667 551 753 sophistarum
573 669 740 754 procceptls
755 668 870 732 imbuto
891 669 923 734 lu
947 670 1012 734 loro
1031 677 1204 756 arroganter
1220 673 1257 736 de
1275 672 1365 737 rebus

345 787 473 874 puhlicis
496 793 529 852 ct
553 788 629 852 tlrls
657 786 906 866 confabularetur,
934 791 1008 872 quin
1032 791 1121 854 etiam
1145 791 1225 877 leges
1247 797 1366 878 rogaret

345 909 377 971 in
400 907 554 973 concione.
600 907 701 988 Quare
723 907 855 994 populus
878 907 1032 993 promittit
1056 911 1099 993 (ν.
1125 911 1240 994 lectt:

686 1089 860 1166 Ιοὶνοοννιοὶσον
886 1095 1067 1165 κυνηγετεῖν
1091 1090 1152 1168 ἐγὼ

456 1209 583 1280 τούτους
608 1207 771 1285 deerrat,
794 1208 1014 1286 παυσαμένους
1037 1209 1265 1289 ψηφισμάτων.

391 1389 477 1469 Quae
504 1389 596 1454 fuerit
627 1391 776 1454 sententia
806 1395 913 1475 poetae
942 1389 979 1454 de
1001 1391 1161 1456 iuventute
1184 1391 1232 1456 sui
1256 1397 1366 1477 tempo·

344 1509 405 1588 ris,
428 1508 631 1596 sophistarum
654 1510 821 1595 praeceptis
844 1509 932 1573 novis
955 1510 1071 1574 erudita
1102 1509 1198 1593 (Nuh.
1222 1511 1298 1594 879)
1323 1510 1368 1574 in·

344 1629 451 1714 primis
479 1627 601 1714 colligas
628 1650 664 1694 ex
691 1627 866 1708 catabula,
898 1650 974 1712 quae
1003 1630 1068 1716 ipsa
1097 1630 1210 1714 scripta
1239 1634 1301 1707 est,
1330 1628 1368 1691 nd

345 1747 523 1813 deridendos
553 1747 704 1833 sophistas
733 1768 897 1831 eorumque
927 1747 1094 1812 doctrinam
1125 1747 1302 1834 carpendam
1333 1754 1368 1812 ut

344 1868 556 1953 perniciosam.
610 1867 762 1931 Laudatur
796 1867 940 1952 temporis
978 1868 1038 1930 acti
1077 1867 1177 1931 omnia
1217 1866 1369 1952 improbat

345 1986 425 2051 hone
455 1993 509 2050 aut
539 1987 617 2050 mala
644 2004 722 2070 quae
752 1986 868 2050 animos
901 1987 1019 2071 quietos
1047 1993 1212 2052 moverent.
1258 1985 1368 2070 Neque
1449 2049 1451 2054 ,

345 2111 444 2190 potest
478 2105 551 2189 quin
586 2127 647 2168 una
686 2128 753 2170 cum
789 2106 990 2191 Aristophane
1023 2107 1087 2184 illi,
1122 2106 1175 2190 qui
1209 2105 1366 2192 pristinam

346 2224 487 2287 virtutem
511 2223 713 2289 desiderarent
736 2233 767 2290 et
792 2226 1013 2311 integritatem,
1044 2247 1130 2310 aegre
1157 2224 1280 2289 tulerint
1302 2245 1367 2288 eru-

346 2341 509 2420 ditionem,
545 2364 605 2426 qua
636 2343 766 2408 iuvenes¹
788 2345 871 2429 prius
898 2342 988 2408 verba
1018 2344 1132 2423 facere,
1164 2364 1252 2426 quam
1287 2365 1368 2408 arma

348 2467 464 2546 gestare
488 2461 637 2525 discerent
661 2461 756 2544 (Nuh.
783 2463 1026 2546 roca-1008).

391 2579 507 2665 Operae
536 2580 666 2666 pretium
702 2588 747 2646 est
781 2582 914 2645 conferre
944 2580 1056 2665 quihus
1084 2581 1268 2665 argumentis
1292 2581 1371 2644 inter

348 2721 379 2763 se
401 2699 571 2784 disceptent
591 2699 671 2764 iusta
691 2715 722 2764 et
748 2700 862 2764 iniusta
880 2700 976 2764 oratio
1001 2699 1026 2784 (d
1039 2698 1152 2771 δίκαιος
1168 2702 1220 2764 aul
1237 2701 1250 2763 ὁ
1266 2698 1368 2771 ἄδικος

348 2819 456 2897 λόγος;
491 2843 560 2885 nam
588 2843 664 2904 quae
694 2821 766 2884 haec
798 2819 965 2884 contemnit
995 2827 1149 2904 tamquam
1180 2797 1304 2905 antiqua
1340 2827 1370 2885 et

348 2941 496 3020 obsoleta,
530 2941 633 3004 eadem
669 2941 822 3024 antiquam
852 2940 978 3024 gloriam
1007 2940 1154 3024 peperisse
1187 2939 1239 3004 illa
1272 2941 1368 3044 perhi-
1456 2967 1459 2974 ⁴

349 3060 399 3123 bet
422 3058 518 3143 (Nuh.
544 3061 636 3144 986);

349 3240 382 3316 ἐξ
407 3236 443 3304 ὧν
468 3241 579 3320 ἄνδρας
605 3239 902 3319 Μυρνθωνομοὶχους
928 3241 990 3316 ἡμὴ
1016 3240 1174 3310 collacare
1201 3241 1335 3319 ἔθρεψεν.
1431 3293 1434 3300 .

392 3423 536 3508 Magnam
559 3429 672 3508 partem
701 3421 845 3486 malorum
877 3422 958 3485 nasci
985 3445 1002 3486 e
1025 3443 1104 3485 nova
1125 3421 1177 3486 illa
1200 3423 1368 3486 eruditione

348 3543 569 3631 sophistarum,
594 3565 672 3626 quae
696 3542 783 3605 modo
809 3547 956 3628 spectaret
979 3541 1016 3605 ad
1036 3545 1069 3605 ea
1092 3563 1168 3625 quae
1184 3540 1285 3618 utilia,
1308 3563 1367 3604 non

347 3664 472 3728 honesta
512 3669 628 3740 essent,
671 3685 747 3746 quae
780 3661 956 3747 religionem
991 3661 1169 3725 obtrectaret
1203 3669 1232 3722 et
1268 3661 1368 3724 omnia

347 3785 461 3848 incerta
492 3805 555 3846 esse
591 3787 709 3846 tantum
744 3781 880 3860 doceret,
910 3802 980 3864 ‘qua
1012 3781 1152 3843 iuventus
1181 3779 1317 3864 inprimis
1351 3802 1368 3842 a

347 3902 475 3988 pristina
497 3901 642 3966 modestia
669 3901 862 3987 degeneraret
889 3901 920 3964 in
949 3900 1095 3964 Nubibus
1126 3921 1141 3963 e
1170 3922 1224 3963 sua
1250 3907 1366 3964 seuten-

348 4022 391 4086 tia
430 4021 598 4085 luculenter
631 4021 754 4107 exponit
789 4021 876 4105 poeta
910 4019 1004 4103 (Nuh.
1042 4021 1142 4098 1003,
1186 4013 1248 4083 990
1284 4039 1366 4103 seqq.

352 4141 592 4225 locu-1054).
