3374 5232
846 441 888 500 52

642 655 678 724 ὡς
705 655 754 716 ἐπ’
770 652 865 732 talpa
894 654 1057 730 μισόπολιν
1084 659 1106 738 1)

644 771 717 836 ἔνι-οι
744 774 972 844 κάπολούμενον

645 889 729 964 ὅστις
756 892 847 971 λόγον
874 892 953 958 τόνδ’
976 894 1110 974 εἰσφέρει

647 1015 684 1083 ὡς
711 1019 772 1092 χρὴ
801 1015 845 1089 μὴ
866 1012 1000 1095 δικάζειν
1025 1013 1132 1085 δι’κοις.ι

410 1178 520 1243 Statim
543 1178 746 1264 suspicionem
768 1178 800 1241 in
827 1201 858 1242 se
882 1179 1076 1244 contrahebat
1095 1179 1267 1264 quicunque
1280 1180 1380 1245 adver·

367 1305 483 1363 seretur
517 1297 626 1362 studiis
649 1297 773 1384 populi,
804 1320 873 1362 nam
901 1299 1029 1386 populus
1051 1300 1189 1386 inprimis
1212 1301 1381 1382 metuebat,

367 1407 405 1481 ne
443 1418 608 1503 potentiam
643 1439 704 1502 qua
738 1419 852 1481 viveret
887 1425 917 1482 et
950 1419 1130 1504 gloriaretur
1164 1420 1316 1484 amitteret
1353 1428 1383 1485 et

367 1537 562 1622 praecavebat
588 1560 625 1602 ne
648 1538 826 1622 optimates,
851 1538 976 1603 simulac
999 1546 1115 1624 pateret
1138 1540 1271 1620 occasio,
1293 1540 1383 1604 iuris·

366 1645 529 1721 dictionem
551 1655 668 1741 aliaque
691 1655 757 1720 iura
779 1647 838 1722 sibi
866 1658 1027 1743 eriperent,
1052 1658 1133 1742 quod
1158 1659 1278 1742 quidem
1306 1681 1384 1724 anno

320 1851 323 1856 Ι
365 1779 431 1840 404
454 1777 567 1841 lactum
591 1782 654 1857 est,
678 1776 813 1840 hostium
835 1777 992 1862 praesidiis
1015 1784 1119 1843 contra
1141 1779 1286 1865 populum
1297 1781 1384 1845 invo-

365 1895 449 1964 catis,
501 1898 593 1961 Recte
630 1895 725 1982 igitur
763 1895 928 1980 Vesperum
963 1896 1073 1960 chorus
1112 1898 1144 1962 in
1178 1897 1380 1983 suspicionem

366 2023 456 2082 vocat
478 2016 727 2102 Bdelycleonem,
751 2021 855 2080 contra
877 2016 983 2100 populi
1007 2015 1212 2101 gratissimum
1236 2017 1283 2080 ius
1294 2016 1385 2082 verba

366 2137 525 2202 facientem
550 2136 652 2223 (Vesp.
675 2138 772 2219 463):

555 2279 617 2365 οἶροο
642 2285 709 2359 δῆτ’
722 2287 775 2350 οὐκ
797 2286 879 2350 οὗτοι
901 2286 983 2359 δῆλον

560 2413 624 2478 τοῖς
654 2405 797 2482 πένησιν,
821 2410 838 2482 ἡ
862 2408 1002 2487 reparate

566 2527 604 2597 ὦς
630 2524 730 2606 λάθρᾳ
755 2530 788 2604 ν’
805 2526 966 2605 ε’λοέμβοιν’
982 2527 1114 2593 ὑπιοῦσά
1144 2555 1196 2608 με.

373 2713 404 2772 et
437 2705 590 2792 perhibet:
627 2707 653 2771 si
688 2714 721 2771 tu
761 2707 957 2792 Bdelyeleon,
988 2708 1121 2772 omnium
1146 2707 1387 2788 sceleratissime,

374 2825 491 2912 capillis
520 2827 673 2913 promissis
703 2827 748 2891 uti
771 2827 898 2910 Equites
922 2827 988 2912 (cfr.
1012 2827 1069 2910 Eq.
1094 2829 1170 2912 500)
1194 2849 1248 2891 nos
1272 2827 1390 2914 legibus

374 2945 419 3010 uti
453 2945 607 3032 prohibes,
641 2967 715 3028 quas
744 2945 808 3029 ipsa
837 2943 907 3008 urbs
937 2944 1073 3009 instituit
1097 2945 1213 3010 nullum
1235 2968 1391 3030 argumen-

374 3073 442 3129 tum
467 3064 621 3153 probabile
644 3063 782 3143 afferens,
813 3063 893 3127 haud
917 3063 1061 3143 dubium,
1085 3065 1160 3146 quin
1182 3065 1247 3150 ipse
1270 3087 1392 3150 regnare

374 3164 485 3272 gestias
509 3186 551 3270 (ν.
574 3185 668 3268 486):

552 3343 636 3418 ὅστις
657 3349 740 3425 ἡμῶν
771 3346 821 3411 ἐπὶ
841 3347 992 3426 τυραννίδ’
1004 3342 1055 3412 ὧδ’
1069 3346 1217 3422 areanae.

422 3515 594 3581 Utilissima
621 3514 762 3592 consilia,
791 3514 817 3577 si
846 3513 973 3598 privatis
1005 3513 1110 3599 populi
1139 3513 1303 3578 commodis
1333 3537 1394 3580 non

378 3635 599 3713 satisfacerent,
631 3634 732 3699 statim
763 3639 900 3720 suspecta
929 3638 1030 3711 erant,
1054 3653 1151 3716 neque
1174 3632 1238 3697 sine
1260 3633 1395 3719 periculo

379 3755 544 3836 dabantur,
583 3777 677 3840 quum
706 3759 810 3819 auctor
837 3757 1056 3818 sacrosanctam
1082 3751 1188 3838 populi
1216 3752 1395 3818 dominatio·

379 3897 447 3940 nem
485 3875 650 3940 obtrectare
672 3874 833 3938 videretur.
879 3870 963 3952 Quid
985 3872 1065 3935 enim
1089 3870 1240 3956 significet
1261 3871 1396 3950 ξυνωμό-

415 4118 434 4180 1)
460 4115 509 4165 Ubi
531 4117 628 4180 propter
645 4114 748 4163 metrum
767 4113 846 4178 potins
865 4110 959 4176 legatur
975 4112 1131 4177 μισόδημον.
1233 4105 1239 4113 '
