<?xml version="1.0" encoding="UTF-8"?>
<!DOCTYPE html PUBLIC "-//W3C//DTD XHTML 1.0 Transitional//EN"
    "http://www.w3.org/TR/xhtml1/DTD/xhtml1-transitional.dtd">
<html xmlns="http://www.w3.org/1999/xhtml" xml:lang="en" lang="en">
 <head>
  <title>
</title>
<meta http-equiv="Content-Type" content="text/html;charset=utf-8" />
  <meta name='ocr-system' content='tesseract 3.04.00' />
  <meta name='ocr-capabilities' content='ocr_page ocr_carea ocr_par ocr_line ocrx_word'/>
</head>
<body>
  <div class='ocr_page' id='page_1' title='image "./inaristophanisd00frangoog_0077.png"; bbox 0 0 3374 5232; ppageno 0'>
   <div class='ocr_carea' id='block_1_1' title="bbox 844 434 885 493">
    <p class='ocr_par' dir='ltr' id='par_1_1' title="bbox 844 434 885 493">
     <span class='ocr_line' id='line_1_1' title="bbox 844 434 885 493; baseline 0.024 -1"><span class='ocrx_word' id='word_1_1' title='bbox 844 434 885 493; x_wconf 76' lang='lat'><strong>64</strong></span> 
     </span>
    </p>
   </div>
   <div class='ocr_carea' id='block_1_2' title="bbox 352 641 1395 1805">
    <p class='ocr_par' dir='ltr' id='par_1_2' title="bbox 353 641 1369 966">
     <span class='ocr_line' id='line_1_2' title="bbox 354 641 1369 730; baseline 0.002 -24"><span class='ocrx_word' id='word_1_2' title='bbox 354 641 504 728; x_wconf 87' lang='lat' dir='ltr'><strong>dispersos</strong></span> <span class='ocrx_word' id='word_1_3' title='bbox 527 644 620 708; x_wconf 86' lang='lat' dir='ltr'><strong>fuisse</strong></span> <span class='ocrx_word' id='word_1_4' title='bbox 644 645 680 708; x_wconf 87' lang='lat' dir='ltr'><strong>ab</strong></span> <span class='ocrx_word' id='word_1_5' title='bbox 703 644 880 708; x_wconf 86' lang='lat' dir='ltr'><strong>adversariis</strong></span> <span class='ocrx_word' id='word_1_6' title='bbox 904 644 956 728; x_wconf 93' lang='lat' dir='ltr'><strong>qui</strong></span> <span class='ocrx_word' id='word_1_7' title='bbox 978 666 1080 730; x_wconf 84' lang='lat' dir='ltr'><strong>pacem</strong></span> <span class='ocrx_word' id='word_1_8' title='bbox 1102 651 1247 730; x_wconf 87' lang='lat' dir='ltr'><strong>cuperent</strong></span> <span class='ocrx_word' id='word_1_9' title='bbox 1268 645 1300 708; x_wconf 89' lang='lat' dir='ltr'><strong>in</strong></span> <span class='ocrx_word' id='word_1_10' title='bbox 1326 647 1369 708; x_wconf 90' lang='lat' dir='ltr'><strong>vi·</strong></span> 
     </span>
     <span class='ocr_line' id='line_1_3' title="bbox 353 761 1369 848; baseline 0.003 -23"><span class='ocrx_word' id='word_1_11' title='bbox 353 783 419 826; x_wconf 89' lang='lat' dir='ltr'><strong>rum</strong></span> <span class='ocrx_word' id='word_1_12' title='bbox 446 762 647 848; x_wconf 84' lang='lat' dir='ltr'><strong>praeclarum,</strong></span> <span class='ocrx_word' id='word_1_13' title='bbox 682 763 734 846; x_wconf 93' lang='lat' dir='ltr'><strong>qui</strong></span> <span class='ocrx_word' id='word_1_14' title='bbox 764 762 898 826; x_wconf 79' lang='lat' dir='ltr'><strong>ciuitatis</strong></span> <span class='ocrx_word' id='word_1_15' title='bbox 927 763 1015 827; x_wconf 91' lang='lat' dir='ltr'><strong>saluti</strong></span> <span class='ocrx_word' id='word_1_16' title='bbox 1039 761 1149 828; x_wconf 87' lang='lat' dir='ltr'><strong>bellum</strong></span> <span class='ocrx_word' id='word_1_17' title='bbox 1172 765 1369 828; x_wconf 84' lang='lat' dir='ltr'><strong>necessarium</strong></span> 
     </span>
     <span class='ocr_line' id='line_1_4' title="bbox 353 881 573 966; baseline 0.009 -22"><span class='ocrx_word' id='word_1_18' title='bbox 353 881 417 946; x_wconf 86' lang='lat' dir='ltr'><strong>fore</strong></span> <span class='ocrx_word' id='word_1_19' title='bbox 439 881 573 966; x_wconf 82' lang='lat' dir='ltr'><strong>putabat.</strong></span> 
     </span>
    </p>

    <p class='ocr_par' dir='ltr' id='par_1_3' title="bbox 352 1000 1395 1805">
     <span class='ocr_line' id='line_1_5' title="bbox 398 1000 1369 1087; baseline 0.001 -22"><span class='ocrx_word' id='word_1_20' title='bbox 398 1001 519 1066; x_wconf 82' lang='lat' dir='ltr'>Praeter</span> <span class='ocrx_word' id='word_1_21' title='bbox 540 1000 686 1065; x_wconf 82' lang='lat' dir='ltr'>Periclem</span> <span class='ocrx_word' id='word_1_22' title='bbox 711 1007 875 1081; x_wconf 83' lang='lat' dir='ltr'><strong>auctorem,</strong></span> <span class='ocrx_word' id='word_1_23' title='bbox 901 1024 1003 1066; x_wconf 86' lang='lat' dir='ltr'><strong>omnes</strong></span> <span class='ocrx_word' id='word_1_24' title='bbox 1026 1023 1145 1087; x_wconf 92' lang='lat' dir='ltr'><strong>quoque</strong></span> <span class='ocrx_word' id='word_1_25' title='bbox 1169 1009 1282 1068; x_wconf 87' lang='lat' dir='ltr'><strong>ceteros</strong></span> <span class='ocrx_word' id='word_1_26' title='bbox 1309 1025 1369 1066; x_wconf 83' lang='lat' dir='ltr'><strong>car·</strong></span> 
     </span>
     <span class='ocr_line' id='line_1_6' title="bbox 352 1120 1369 1208; baseline 0.002 -23"><span class='ocrx_word' id='word_1_27' title='bbox 352 1122 399 1208; x_wconf 91' lang='lat' dir='ltr'><strong>pit</strong></span> <span class='ocrx_word' id='word_1_28' title='bbox 427 1122 480 1206; x_wconf 90' lang='lat' dir='ltr'><strong>qui</strong></span> <span class='ocrx_word' id='word_1_29' title='bbox 509 1120 547 1186; x_wconf 94' lang='lat' dir='ltr'><strong>ob</strong></span> <span class='ocrx_word' id='word_1_30' title='bbox 571 1122 710 1206; x_wconf 85' lang='lat' dir='ltr'><strong>quamvis</strong></span> <span class='ocrx_word' id='word_1_31' title='bbox 740 1121 828 1186; x_wconf 87' lang='lat' dir='ltr'><strong>aliam</strong></span> <span class='ocrx_word' id='word_1_32' title='bbox 860 1145 980 1186; x_wconf 83' lang='lat' dir='ltr'><strong>causam</strong></span> <span class='ocrx_word' id='word_1_33' title='bbox 1010 1122 1124 1187; x_wconf 92' lang='lat' dir='ltr'><strong>bellum</strong></span> <span class='ocrx_word' id='word_1_34' title='bbox 1154 1123 1222 1208; x_wconf 88' lang='lat' dir='ltr'><strong>paci</strong></span> <span class='ocrx_word' id='word_1_35' title='bbox 1248 1129 1369 1208; x_wconf 86' lang='lat' dir='ltr'><strong>antepo-</strong></span> 
     </span>
     <span class='ocr_line' id='line_1_7' title="bbox 352 1240 1370 1327; baseline 0.002 -23"><span class='ocrx_word' id='word_1_36' title='bbox 352 1245 467 1306; x_wconf 79' lang='lat' dir='ltr'><strong>nerent.</strong></span> <span class='ocrx_word' id='word_1_37' title='bbox 513 1240 610 1321; x_wconf 73' lang='lat' dir='ltr'><strong>Quam</strong></span> <span class='ocrx_word' id='word_1_38' title='bbox 642 1240 761 1326; x_wconf 88' lang='lat' dir='ltr'><strong>culpam</strong></span> <span class='ocrx_word' id='word_1_39' title='bbox 790 1241 965 1327; x_wconf 87' lang='lat' dir='ltr'><strong>praesertim</strong></span> <span class='ocrx_word' id='word_1_40' title='bbox 991 1264 1053 1305; x_wconf 88' lang='lat' dir='ltr'><strong>non</strong></span> <span class='ocrx_word' id='word_1_41' title='bbox 1075 1241 1226 1326; x_wconf 82' lang='lat' dir='ltr'><strong>effugiunt</strong></span> <span class='ocrx_word' id='word_1_42' title='bbox 1252 1242 1297 1305; x_wconf 91' lang='lat' dir='ltr'>illi</span> <span class='ocrx_word' id='word_1_43' title='bbox 1321 1242 1370 1306; x_wconf 87' lang='lat' dir='ltr'><strong>de·</strong></span> 
     </span>
     <span class='ocr_line' id='line_1_8' title="bbox 353 1360 1372 1446; baseline 0.003 -23"><span class='ocrx_word' id='word_1_44' title='bbox 353 1361 489 1446; x_wconf 84' lang='lat' dir='ltr'><strong>magogi,</strong></span> <span class='ocrx_word' id='word_1_45' title='bbox 513 1360 622 1445; x_wconf 88' lang='lat' dir='ltr'><strong>quibus</strong></span> <span class='ocrx_word' id='word_1_46' title='bbox 644 1360 765 1441; x_wconf 86' lang='lat' dir='ltr'><strong>turbae,</strong></span> <span class='ocrx_word' id='word_1_47' title='bbox 798 1383 867 1424; x_wconf 92' lang='lat' dir='ltr'><strong>cum</strong></span> <span class='ocrx_word' id='word_1_48' title='bbox 897 1361 974 1426; x_wconf 87' lang='lat' dir='ltr'><strong>bello</strong></span> <span class='ocrx_word' id='word_1_49' title='bbox 1004 1368 1069 1425; x_wconf 91' lang='lat' dir='ltr'><strong>orto</strong></span> <span class='ocrx_word' id='word_1_50' title='bbox 1091 1361 1177 1446; x_wconf 82' lang='lat' dir='ltr'><strong>plebs</strong></span> <span class='ocrx_word' id='word_1_51' title='bbox 1203 1362 1317 1425; x_wconf 83' lang='lat' dir='ltr'><strong>rustica</strong></span> <span class='ocrx_word' id='word_1_52' title='bbox 1340 1362 1372 1426; x_wconf 90' lang='lat' dir='ltr'><strong>in</strong></span> 
     </span>
     <span class='ocr_line' id='line_1_9' title="bbox 355 1479 1371 1567; baseline 0.001 -24"><span class='ocrx_word' id='word_1_53' title='bbox 355 1479 428 1544; x_wconf 88' lang='lat' dir='ltr'><strong>urbo</strong></span> <span class='ocrx_word' id='word_1_54' title='bbox 459 1479 591 1558; x_wconf 81' lang='lat' dir='ltr'><strong>adesset,</strong></span> <span class='ocrx_word' id='word_1_55' title='bbox 623 1480 767 1565; x_wconf 81' lang='lat' dir='ltr'><strong>optimam</strong></span> <span class='ocrx_word' id='word_1_56' title='bbox 798 1479 909 1545; x_wconf 87' lang='lat' dir='ltr'><strong>dabant</strong></span> <span class='ocrx_word' id='word_1_57' title='bbox 939 1481 1210 1566; x_wconf 87' lang='lat' dir='ltr'><strong>opportunitatem,</strong></span> <span class='ocrx_word' id='word_1_58' title='bbox 1248 1482 1371 1567; x_wconf 88' lang='lat' dir='ltr'><strong>impune</strong></span> 
     </span>
     <span class='ocr_line' id='line_1_10' title="bbox 352 1598 1395 1684; baseline 0.002 -21"><span class='ocrx_word' id='word_1_59' title='bbox 352 1598 515 1663; x_wconf 86' lang='lat' dir='ltr'><strong>saeviendi.</strong></span> <span class='ocrx_word' id='word_1_60' title='bbox 561 1599 660 1680; x_wconf 77' lang='lat' dir='ltr'><strong>Quam</strong></span> <span class='ocrx_word' id='word_1_61' title='bbox 683 1622 746 1663; x_wconf 87' lang='lat' dir='ltr'><strong>rem</strong></span> <span class='ocrx_word' id='word_1_62' title='bbox 768 1601 866 1684; x_wconf 88' lang='lat' dir='ltr'><strong>tangit</strong></span> <span class='ocrx_word' id='word_1_63' title='bbox 889 1599 1017 1664; x_wconf 87' lang='lat' dir='ltr'><strong>Hermes</strong></span> <span class='ocrx_word' id='word_1_64' title='bbox 1035 1600 1065 1664; x_wconf 92' lang='lat' dir='ltr'><strong>in</strong></span> <span class='ocrx_word' id='word_1_65' title='bbox 1089 1601 1183 1680; x_wconf 87' lang='lat' dir='ltr'><strong>Pace,</strong></span> <span class='ocrx_word' id='word_1_66' title='bbox 1207 1602 1395 1665; x_wconf 87' lang='lat' dir='ltr'><strong>Athenien·-</strong></span> 
     </span>
     <span class='ocr_line' id='line_1_11' title="bbox 354 1718 1369 1805; baseline 0.003 -24"><span class='ocrx_word' id='word_1_67' title='bbox 354 1718 432 1783; x_wconf 87' lang='lat' dir='ltr'><strong>sium</strong></span> <span class='ocrx_word' id='word_1_68' title='bbox 452 1718 658 1782; x_wconf 87' lang='lat' dir='ltr'><strong>condicionem</strong></span> <span class='ocrx_word' id='word_1_69' title='bbox 675 1725 745 1804; x_wconf 88' lang='lat' dir='ltr'><strong>post</strong></span> <span class='ocrx_word' id='word_1_70' title='bbox 761 1719 873 1784; x_wconf 85' lang='lat' dir='ltr'><strong>bellum</strong></span> <span class='ocrx_word' id='word_1_71' title='bbox 893 1726 993 1784; x_wconf 90' lang='lat' dir='ltr'><strong>ortum</strong></span> <span class='ocrx_word' id='word_1_72' title='bbox 1009 1741 1159 1805; x_wconf 83' lang='lat' dir='ltr'><strong>exponens</strong></span> <span class='ocrx_word' id='word_1_73' title='bbox 1181 1721 1262 1804; x_wconf 86' lang='lat' dir='ltr'>(Pac.</span> <span class='ocrx_word' id='word_1_74' title='bbox 1278 1723 1369 1805; x_wconf 76' lang='lat'>632):</span> 
     </span>
    </p>
   </div>
   <div class='ocr_carea' id='block_1_3' title="bbox 398 1880 1370 2572">
    <p class='ocr_par' dir='ltr' id='par_1_4' title="bbox 399 1880 1292 1978">
     <span class='ocr_line' id='line_1_12' title="bbox 399 1880 1292 1978; baseline 0.003 -33"><span class='ocrx_word' id='word_1_75' title='bbox 399 1880 580 1978; x_wconf 37' lang='lat' dir='ltr'><strong>arira-d&#39;dc</strong></span> <span class='ocrx_word' id='word_1_76' title='bbox 606 1883 640 1946; x_wconf 81' lang='grc' dir='ltr'><strong>ἐκ</strong></span> <span class='ocrx_word' id='word_1_77' title='bbox 663 1884 721 1946; x_wconf 88' lang='grc' dir='ltr'><em>τῶν</em></span> <span class='ocrx_word' id='word_1_78' title='bbox 744 1885 846 1964; x_wconf 99' lang='grc' dir='ltr'><em>ἀγρῶν</em></span> <span class='ocrx_word' id='word_1_79' title='bbox 871 1885 1016 1961; x_wconf 75' lang='grc' dir='ltr'><strong>ξυνῆλθεν</strong></span> <span class='ocrx_word' id='word_1_80' title='bbox 1040 1884 1192 1963; x_wconf 81' lang='grc' dir='ltr'><em>οὑργάτνς</em></span> <span class='ocrx_word' id='word_1_81' title='bbox 1217 1887 1292 1955; x_wconf 87' lang='grc' dir='ltr'><em>λεῶς</em></span> 
     </span>
    </p>

    <p class='ocr_par' dir='ltr' id='par_1_5' title="bbox 398 2003 1259 2084">
     <span class='ocr_line' id='line_1_13' title="bbox 398 2003 1259 2084; baseline 0.002 -17"><span class='ocrx_word' id='word_1_82' title='bbox 398 2005 449 2068; x_wconf 81' lang='grc' dir='ltr'><em>τὸν</em></span> <span class='ocrx_word' id='word_1_83' title='bbox 473 2003 581 2084; x_wconf 86' lang='grc' dir='ltr'><em>τρίπον</em></span> <span class='ocrx_word' id='word_1_84' title='bbox 606 2003 800 2080; x_wconf 77' lang='grc' dir='ltr'><em>πωλούμενος</em></span> <span class='ocrx_word' id='word_1_85' title='bbox 824 2005 875 2068; x_wconf 80' lang='grc' dir='ltr'><em>τὸν</em></span> <span class='ocrx_word' id='word_1_86' title='bbox 900 2006 992 2069; x_wconf 84' lang='grc' dir='ltr'><em>οιθτὸν</em></span> <span class='ocrx_word' id='word_1_87' title='bbox 1015 2007 1068 2069; x_wconf 84' lang='grc' dir='ltr'><strong>οὐκ</strong></span> <span class='ocrx_word' id='word_1_88' title='bbox 1093 2007 1259 2082; x_wconf 87' lang='grc' dir='ltr'><em>ε’μοίνθοονεν</em></span> 
     </span>
    </p>

    <p class='ocr_par' dir='ltr' id='par_1_6' title="bbox 399 2121 1370 2572">
     <span class='ocr_line' id='line_1_14' title="bbox 399 2121 1318 2206; baseline 0.001 -18"><span class='ocrx_word' id='word_1_89' title='bbox 399 2127 473 2190; x_wconf 83' lang='grc' dir='ltr'><strong>ἀλλ’</strong></span> <span class='ocrx_word' id='word_1_90' title='bbox 489 2121 540 2190; x_wconf 86' lang='grc' dir='ltr'><em>ίίτ’</em></span> <span class='ocrx_word' id='word_1_91' title='bbox 555 2125 592 2189; x_wconf 89' lang='grc' dir='ltr'><strong>ῶν</strong></span> <span class='ocrx_word' id='word_1_92' title='bbox 616 2123 689 2189; x_wconf 87' lang='grc' dir='ltr'><em>ἀνευ</em></span> <span class='ocrx_word' id='word_1_93' title='bbox 712 2125 871 2206; x_wconf 90' lang='grc' dir='ltr'><em>γιγάρτων</em></span> <span class='ocrx_word' id='word_1_94' title='bbox 896 2125 947 2189; x_wconf 78' lang='lat' dir='ltr'><strong>acl</strong></span> <span class='ocrx_word' id='word_1_95' title='bbox 973 2131 1072 2205; x_wconf 80' lang='grc' dir='ltr'><em>Φιλῶν</em></span> <span class='ocrx_word' id='word_1_96' title='bbox 1097 2129 1155 2200; x_wconf 84' lang='grc' dir='ltr'><strong>τάς</strong></span> <span class='ocrx_word' id='word_1_97' title='bbox 1180 2124 1318 2206; x_wconf 86' lang='grc' dir='ltr'><em>ίσχάδοος</em></span> 
     </span>
     <span class='ocr_line' id='line_1_15' title="bbox 399 2241 1326 2326; baseline 0.001 -17"><span class='ocrx_word' id='word_1_98' title='bbox 399 2243 534 2323; x_wconf 73' lang='grc' dir='ltr'><em>ἔβλεπεν</em></span> <span class='ocrx_word' id='word_1_99' title='bbox 557 2246 630 2326; x_wconf 80' lang='grc' dir='ltr'><em>πρὸς</em></span> <span class='ocrx_word' id='word_1_100' title='bbox 654 2247 723 2318; x_wconf 81' lang='grc' dir='ltr'><em>τοὺς</em></span> <span class='ocrx_word' id='word_1_101' title='bbox 748 2241 914 2323; x_wconf 83' lang='grc' dir='ltr'><em>λε’γοντοις·</em></span> <span class='ocrx_word' id='word_1_102' title='bbox 939 2249 963 2312; x_wconf 86' lang='grc' dir='ltr'><strong>οἱ</strong></span> <span class='ocrx_word' id='word_1_103' title='bbox 988 2248 1017 2310; x_wconf 84' lang='grc' dir='ltr'><strong>δὲ</strong></span> <span class='ocrx_word' id='word_1_104' title='bbox 1043 2248 1268 2325; x_wconf 83' lang='grc' dir='ltr'><em>γιγνώσκοντες</em></span> <span class='ocrx_word' id='word_1_105' title='bbox 1294 2241 1326 2310; x_wconf 78' lang='grc' dir='ltr'><em>εὖ</em></span> 
     </span>
     <span class='ocr_line' id='line_1_16' title="bbox 399 2366 1258 2448; baseline 0 -19"><span class='ocrx_word' id='word_1_106' title='bbox 399 2368 469 2437; x_wconf 88' lang='grc' dir='ltr'><em>τοὺς</em></span> <span class='ocrx_word' id='word_1_107' title='bbox 494 2366 630 2441; x_wconf 74' lang='grc' dir='ltr'><em>πένητος</em></span> <span class='ocrx_word' id='word_1_108' title='bbox 654 2368 857 2439; x_wconf 72' lang='grc' dir='ltr'><em>ἀσθενοῦντος</em></span> <span class='ocrx_word' id='word_1_109' title='bbox 882 2369 1092 2447; x_wconf 76' lang='grc' dir='ltr'><em>κάποροῦντας</em></span> <span class='ocrx_word' id='word_1_110' title='bbox 1115 2366 1258 2448; x_wconf 81' lang='grc' dir='ltr'><em>ἀλφίτων</em></span> 
     </span>
     <span class='ocr_line' id='line_1_17' title="bbox 399 2486 1370 2572; baseline 0.002 -22"><span class='ocrx_word' id='word_1_111' title='bbox 399 2486 487 2560; x_wconf 66' lang='grc' dir='ltr'><em>τῶνδε</em></span> <span class='ocrx_word' id='word_1_112' title='bbox 503 2486 636 2572; x_wconf 83' lang='lat' dir='ltr'><strong>(Pacem)</strong></span> <span class='ocrx_word' id='word_1_113' title='bbox 656 2489 716 2566; x_wconf 84' lang='grc' dir='ltr'><strong>μὲνΙ</strong></span> <span class='ocrx_word' id='word_1_114' title='bbox 737 2489 844 2568; x_wconf 79' lang='grc' dir='ltr'><em>δικροῖς</em></span> <span class='ocrx_word' id='word_1_115' title='bbox 870 2489 972 2552; x_wconf 78' lang='grc' dir='ltr'><em>ἐώθουν</em></span> <span class='ocrx_word' id='word_1_116' title='bbox 996 2489 1052 2562; x_wconf 69' lang='grc' dir='ltr'><em>τὴν</em></span> <span class='ocrx_word' id='word_1_117' title='bbox 1069 2488 1132 2552; x_wconf 81' lang='grc' dir='ltr'><em>θεὸν</em></span> <span class='ocrx_word' id='word_1_118' title='bbox 1152 2488 1370 2568; x_wconf 85' lang='grc' dir='ltr'><em>κεκράγμοισιν</em></span> 
     </span>
    </p>
   </div>
   <div class='ocr_carea' id='block_1_4' title="bbox 398 2607 1292 2690">
    <p class='ocr_par' dir='ltr' id='par_1_7' title="bbox 398 2607 1292 2690">
     <span class='ocr_line' id='line_1_18' title="bbox 398 2607 1292 2690; baseline 0 -17"><span class='ocrx_word' id='word_1_119' title='bbox 398 2608 552 2680; x_wconf 86' lang='grc' dir='ltr'><em>πολλάκις</em></span> <span class='ocrx_word' id='word_1_120' title='bbox 577 2613 732 2690; x_wconf 81' lang='grc' dir='ltr'><em>Φονείσοιν</em></span> <span class='ocrx_word' id='word_1_121' title='bbox 757 2611 854 2683; x_wconf 80' lang='grc' dir='ltr'><em>οιύτίρν</em></span> <span class='ocrx_word' id='word_1_122' title='bbox 877 2609 971 2682; x_wconf 77' lang='grc' dir='ltr'><em>τῆσδε</em></span> <span class='ocrx_word' id='word_1_123' title='bbox 994 2617 1049 2683; x_wconf 72' lang='grc' dir='ltr'><em>τῆς</em></span> <span class='ocrx_word' id='word_1_124' title='bbox 1073 2609 1177 2688; x_wconf 84' lang='grc' dir='ltr'><em>χῶρος</em></span> <span class='ocrx_word' id='word_1_125' title='bbox 1203 2607 1292 2690; x_wconf 82' lang='grc' dir='ltr'><em>πίθῳ.</em></span> 
     </span>
    </p>
   </div>
   <div class='ocr_carea' id='block_1_5' title="bbox 353 2774 1372 3336">
    <p class='ocr_par' dir='ltr' id='par_1_8' title="bbox 353 2774 1372 3336">
     <span class='ocr_line' id='line_1_19' title="bbox 397 2774 1371 2861; baseline -0.001 -22"><span class='ocrx_word' id='word_1_126' title='bbox 397 2775 441 2840; x_wconf 90' lang='lat' dir='ltr'><strong>Ut</strong></span> <span class='ocrx_word' id='word_1_127' title='bbox 475 2775 621 2840; x_wconf 85' lang='lat' dir='ltr'><strong>Pisander</strong></span> <span class='ocrx_word' id='word_1_128' title='bbox 654 2775 704 2839; x_wconf 91' lang='lat' dir='ltr'><strong>ille</strong></span> <span class='ocrx_word' id='word_1_129' title='bbox 739 2775 792 2858; x_wconf 89' lang='lat' dir='ltr'><strong>qui</strong></span> <span class='ocrx_word' id='word_1_130' title='bbox 823 2782 926 2861; x_wconf 86' lang='lat' dir='ltr'><strong>postea</strong></span> <span class='ocrx_word' id='word_1_131' title='bbox 956 2774 1101 2860; x_wconf 89' lang='lat' dir='ltr'><strong>populum</strong></span> <span class='ocrx_word' id='word_1_132' title='bbox 1136 2774 1270 2860; x_wconf 74' lang='lat' dir='ltr'>prodidit</span> <span class='ocrx_word' id='word_1_133' title='bbox 1305 2774 1371 2859; x_wconf 86' lang='lat' dir='ltr'>(cf.</span> 
     </span>
     <span class='ocr_line' id='line_1_20' title="bbox 353 2869 1372 2981; baseline -0.002 -21"><span class='ocrx_word' id='word_1_134' title='bbox 353 2896 451 2961; x_wconf 87' lang='lat' dir='ltr'>Schol.</span> <span class='ocrx_word' id='word_1_135' title='bbox 475 2869 547 2960; x_wconf 82' lang='lat' dir='ltr'><strong>Pae.</strong></span> <span class='ocrx_word' id='word_1_136' title='bbox 572 2896 647 2979; x_wconf 75' lang='lat'>394)</span> <span class='ocrx_word' id='word_1_137' title='bbox 671 2917 774 2959; x_wconf 87' lang='lat' dir='ltr'><strong>omnes</strong></span> <span class='ocrx_word' id='word_1_138' title='bbox 798 2893 956 2981; x_wconf 84' lang='lat' dir='ltr'><strong>demagogi</strong></span> <span class='ocrx_word' id='word_1_139' title='bbox 979 2901 1064 2958; x_wconf 85' lang='lat' dir='ltr'><strong>erent</strong></span> <span class='ocrx_word' id='word_1_140' title='bbox 1087 2894 1223 2958; x_wconf 83' lang='lat' dir='ltr'>bellicosi</span> <span class='ocrx_word' id='word_1_141' title='bbox 1250 2917 1311 2959; x_wconf 88' lang='lat' dir='ltr'><strong>non</strong></span> <span class='ocrx_word' id='word_1_142' title='bbox 1335 2892 1372 2958; x_wconf 94' lang='lat' dir='ltr'><strong>ob</strong></span> 
     </span>
     <span class='ocr_line' id='line_1_21' title="bbox 355 3013 1370 3101; baseline -0.003 -22"><span class='ocrx_word' id='word_1_143' title='bbox 355 3017 498 3081; x_wconf 88' lang='lat' dir='ltr'><strong>virtutem</strong></span> <span class='ocrx_word' id='word_1_144' title='bbox 528 3017 580 3080; x_wconf 90' lang='lat' dir='ltr'><strong>sed</strong></span> <span class='ocrx_word' id='word_1_145' title='bbox 612 3014 650 3079; x_wconf 92' lang='lat' dir='ltr'><strong>ob</strong></span> <span class='ocrx_word' id='word_1_146' title='bbox 684 3037 765 3101; x_wconf 90' lang='lat' dir='ltr'><strong>spem</strong></span> <span class='ocrx_word' id='word_1_147' title='bbox 800 3013 876 3078; x_wconf 87' lang='lat' dir='ltr'><strong>lucri</strong></span> <span class='ocrx_word' id='word_1_148' title='bbox 912 3015 1121 3097; x_wconf 81' lang='grc' dir='ltr'><em>(πολεμοποιοί</em></span> <span class='ocrx_word' id='word_1_149' title='bbox 1155 3013 1262 3094; x_wconf 78' lang='grc' dir='ltr'><em>κερδῶν</em></span> <span class='ocrx_word' id='word_1_150' title='bbox 1293 3013 1370 3079; x_wconf 91' lang='grc' dir='ltr'><em>ίδίων</em></span> 
     </span>
     <span class='ocr_line' id='line_1_22' title="bbox 353 3132 1372 3220; baseline -0.003 -21"><span class='ocrx_word' id='word_1_151' title='bbox 353 3133 468 3220; x_wconf 75' lang='grc' dir='ltr'><em>ἕνεκά).</em></span> <span class='ocrx_word' id='word_1_152' title='bbox 514 3135 565 3198; x_wconf 87' lang='lat' dir='ltr'><strong>Sic</strong></span> <span class='ocrx_word' id='word_1_153' title='bbox 587 3132 699 3212; x_wconf 84' lang='lat' dir='ltr'><strong>Cleon,</strong></span> <span class='ocrx_word' id='word_1_154' title='bbox 723 3153 905 3217; x_wconf 84' lang='lat' dir='ltr'><strong>quamquam</strong></span> <span class='ocrx_word' id='word_1_155' title='bbox 929 3133 1047 3198; x_wconf 81' lang='lat' dir='ltr'><strong>assidue</strong></span> <span class='ocrx_word' id='word_1_156' title='bbox 1070 3155 1125 3198; x_wconf 88' lang='lat' dir='ltr'><strong>sua</strong></span> <span class='ocrx_word' id='word_1_157' title='bbox 1140 3155 1211 3219; x_wconf 87' lang='lat' dir='ltr'><strong>erga</strong></span> <span class='ocrx_word' id='word_1_158' title='bbox 1226 3133 1372 3219; x_wconf 89' lang='lat' dir='ltr'><strong>populum</strong></span> 
     </span>
     <span class='ocr_line' id='line_1_23' title="bbox 353 3251 1372 3336; baseline -0.004 -16"><span class='ocrx_word' id='word_1_159' title='bbox 353 3255 498 3320; x_wconf 83' lang='lat' dir='ltr'><strong>beneficia</strong></span> <span class='ocrx_word' id='word_1_160' title='bbox 531 3254 646 3318; x_wconf 87' lang='lat' dir='ltr'><strong>iactans</strong></span> <span class='ocrx_word' id='word_1_161' title='bbox 676 3251 747 3317; x_wconf 88' lang='lat' dir='ltr'>belli</span> <span class='ocrx_word' id='word_1_162' title='bbox 776 3253 926 3317; x_wconf 87' lang='lat' dir='ltr'><strong>aerumnis</strong></span> <span class='ocrx_word' id='word_1_163' title='bbox 957 3275 1025 3317; x_wconf 90' lang='lat' dir='ltr'><strong>eum</strong></span> <span class='ocrx_word' id='word_1_164' title='bbox 1056 3253 1158 3318; x_wconf 85' lang='lat' dir='ltr'><strong>vexari</strong></span> <span class='ocrx_word' id='word_1_165' title='bbox 1189 3251 1372 3336; x_wconf 86' lang='lat' dir='ltr'><strong>incultisque</strong></span> 
     </span>
    </p>
   </div>
   <div class='ocr_carea' id='block_1_6' title="bbox 258 3355 1373 3459">
    <p class='ocr_par' dir='ltr' id='par_1_9' title="bbox 258 3355 1373 3459">
     <span class='ocr_line' id='line_1_24' title="bbox 258 3355 1373 3459; baseline -0.005 -19"><span class='ocrx_word' id='word_1_166' title='bbox 258 3355 261 3360; x_wconf 27' lang='grc' dir='ltr'>Ι</span> <span class='ocrx_word' id='word_1_167' title='bbox 353 3377 386 3440; x_wconf 89' lang='lat' dir='ltr'><strong>in</strong></span> <span class='ocrx_word' id='word_1_168' title='bbox 419 3375 493 3439; x_wconf 88' lang='lat' dir='ltr'><strong>locis</strong></span> <span class='ocrx_word' id='word_1_169' title='bbox 525 3373 674 3452; x_wconf 84' lang='lat' dir='ltr'><strong>habitare,</strong></span> <span class='ocrx_word' id='word_1_170' title='bbox 709 3373 822 3459; x_wconf 84' lang='lat' dir='ltr'><strong>patitur</strong></span> <span class='ocrx_word' id='word_1_171' title='bbox 852 3395 913 3458; x_wconf 91' lang='lat' dir='ltr'><strong>quo</strong></span> <span class='ocrx_word' id='word_1_172' title='bbox 944 3371 1063 3438; x_wconf 79' lang='lat' dir='ltr'><strong>facilius</strong></span> <span class='ocrx_word' id='word_1_173' title='bbox 1097 3395 1167 3438; x_wconf 87' lang='lat' dir='ltr'><strong>eum</strong></span> <span class='ocrx_word' id='word_1_174' title='bbox 1200 3371 1373 3438; x_wconf 79' lang='lat' dir='ltr'><strong>moderetur</strong></span> 
     </span>
    </p>
   </div>
   <div class='ocr_carea' id='block_1_7' title="bbox 354 3495 543 3582">
    <p class='ocr_par' dir='ltr' id='par_1_10' title="bbox 354 3495 543 3582">
     <span class='ocr_line' id='line_1_25' title="bbox 354 3495 543 3582; baseline 0 -24"><span class='ocrx_word' id='word_1_175' title='bbox 354 3495 424 3582; x_wconf 80' lang='lat' dir='ltr'><strong>(aq.</strong></span> <span class='ocrx_word' id='word_1_176' title='bbox 448 3496 543 3578; x_wconf 56' lang='grc' dir='ltr'><em>ονε),</em></span> 
     </span>
    </p>
   </div>
   <div class='ocr_carea' id='block_1_8' title="bbox 376 3640 1370 3732">
    <p class='ocr_par' dir='ltr' id='par_1_11' title="bbox 376 3640 1370 3732">
     <span class='ocr_line' id='line_1_26' title="bbox 376 3640 1370 3732; baseline -0.009 -20"><span class='ocrx_word' id='word_1_177' title='bbox 376 3647 413 3712; x_wconf 79' lang='grc' dir='ltr'><strong>σὺ</strong></span> <span class='ocrx_word' id='word_1_178' title='bbox 438 3645 555 3732; x_wconf 83' lang='lat' dir='ltr'><strong>(Cleon)</strong></span> <span class='ocrx_word' id='word_1_179' title='bbox 577 3644 601 3708; x_wconf 90' lang='grc' dir='ltr'><strong>δ’</strong></span> <span class='ocrx_word' id='word_1_180' title='bbox 615 3643 791 3718; x_wconf 81' lang='grc' dir='ltr'><em>Ἀθνινοιίους</em></span> <span class='ocrx_word' id='word_1_181' title='bbox 807 3643 958 3726; x_wconf 80' lang='grc' dir='ltr'><em>ε’ζνίτνσοις</em></span> <span class='ocrx_word' id='word_1_182' title='bbox 972 3640 1194 3722; x_wconf 88' lang='grc' dir='ltr'><em>μικροπολίτοις</em></span> <span class='ocrx_word' id='word_1_183' title='bbox 1209 3643 1370 3723; x_wconf 75' lang='grc' dir='ltr'><em>ἀποφῆνοιι</em></span> 
     </span>
    </p>
   </div>
   <div class='ocr_carea' id='block_1_9' title="bbox 355 3765 1370 4209">
    <p class='ocr_par' dir='ltr' id='par_1_12' title="bbox 377 3765 864 3848">
     <span class='ocr_line' id='line_1_27' title="bbox 377 3765 864 3848; baseline -0.004 -18"><span class='ocrx_word' id='word_1_184' title='bbox 377 3765 572 3848; x_wconf 88' lang='grc' dir='ltr'><em>διοιτειχίζων</em></span> <span class='ocrx_word' id='word_1_185' title='bbox 600 3765 651 3829; x_wconf 74' lang='lat' dir='ltr'><strong>nul</strong></span> <span class='ocrx_word' id='word_1_186' title='bbox 676 3765 864 3846; x_wconf 73' lang='grc' dir='ltr'><em>χρησμῳδῶν</em></span> 
     </span>
    </p>

    <p class='ocr_par' dir='ltr' id='par_1_13' title="bbox 355 3883 1105 3972">
     <span class='ocr_line' id='line_1_28' title="bbox 355 3883 1105 3972; baseline -0.004 -21"><span class='ocrx_word' id='word_1_187' title='bbox 355 3886 412 3972; x_wconf 76' lang='lat' dir='ltr'><strong>uq.</strong></span> <span class='ocrx_word' id='word_1_188' title='bbox 439 3887 518 3954; x_wconf 70' lang='lat'><strong>794:</strong></span> <span class='ocrx_word' id='word_1_189' title='bbox 633 3885 889 3966; x_wconf 80' lang='grc' dir='ltr'><em>Ἀρχεπτολέμου</em></span> <span class='ocrx_word' id='word_1_190' title='bbox 914 3885 945 3949; x_wconf 78' lang='grc' dir='ltr'><strong>δὲ</strong></span> <span class='ocrx_word' id='word_1_191' title='bbox 962 3883 1105 3965; x_wconf 78' lang='grc' dir='ltr'><em>Φέροντος</em></span> 
     </span>
    </p>

    <p class='ocr_par' dir='ltr' id='par_1_14' title="bbox 377 3979 1370 4209">
     <span class='ocr_line' id='line_1_29' title="bbox 377 3979 1370 4087; baseline -0.005 -16"><span class='ocrx_word' id='word_1_192' title='bbox 377 4008 431 4082; x_wconf 67' lang='grc' dir='ltr'><em>τῶν</em></span> <span class='ocrx_word' id='word_1_193' title='bbox 450 3979 580 4087; x_wconf 78' lang='grc' dir='ltr'><em>,είρνίννν</em></span> <span class='ocrx_word' id='word_1_194' title='bbox 614 4006 821 4086; x_wconf 76' lang='grc' dir='ltr'><em>ἕξεσκέδοισοις</em></span> <span class='ocrx_word' id='word_1_195' title='bbox 854 4006 913 4077; x_wconf 85' lang='grc' dir='ltr'><strong>τάς</strong></span> <span class='ocrx_word' id='word_1_196' title='bbox 948 4004 1118 4085; x_wconf 83' lang='grc' dir='ltr'><em>πρεσβείοις</em></span> <span class='ocrx_word' id='word_1_197' title='bbox 1143 4007 1171 4068; x_wconf 89' lang='grc' dir='ltr'><em>τ’</em></span> <span class='ocrx_word' id='word_1_198' title='bbox 1182 4003 1370 4073; x_wconf 84' lang='grc' dir='ltr'><em>ἀπελοιιίνεις</em></span> 
     </span>
     <span class='ocr_line' id='line_1_30' title="bbox 379 4122 1368 4209; baseline -0.006 -17"><span class='ocrx_word' id='word_1_199' title='bbox 379 4129 412 4192; x_wconf 82' lang='grc' dir='ltr'><strong>ἐκ</strong></span> <span class='ocrx_word' id='word_1_200' title='bbox 427 4135 482 4202; x_wconf 77' lang='grc' dir='ltr'><em>τῆς</em></span> <span class='ocrx_word' id='word_1_201' title='bbox 493 4127 611 4200; x_wconf 79' lang='grc' dir='ltr'><em>πόλεως</em></span> <span class='ocrx_word' id='word_1_202' title='bbox 624 4131 637 4209; x_wconf 66' lang='grc' dir='ltr'><strong>ρ’</strong></span> <span class='ocrx_word' id='word_1_203' title='bbox 662 4125 850 4209; x_wconf 87' lang='grc' dir='ltr'><em>θοιπυγίζων,</em></span> <span class='ocrx_word' id='word_1_204' title='bbox 868 4122 902 4189; x_wconf 75' lang='lat' dir='ltr'><strong>cl</strong></span> <span class='ocrx_word' id='word_1_205' title='bbox 913 4125 972 4197; x_wconf 74' lang='grc' dir='ltr'><em>τοὶς</em></span> <span class='ocrx_word' id='word_1_206' title='bbox 985 4126 1119 4197; x_wconf 86' lang='grc' dir='ltr'><em>σπονδάς</em></span> <span class='ocrx_word' id='word_1_207' title='bbox 1131 4129 1368 4205; x_wconf 82' lang='grc' dir='ltr'><em>προκοιλοῢντοιι.</em></span> 
     </span>
    </p>
   </div>
   <div class='ocr_carea' id='block_1_10' title="bbox 0 0 1692 5232">
    <p class='ocr_par' dir='ltr' id='par_1_15' title="bbox 0 0 1692 5232">
     <span class='ocr_line' id='line_1_31' title="bbox 0 0 1692 5232; baseline 0 0"><span class='ocrx_word' id='word_1_208' title='bbox 0 0 1692 5232; x_wconf 95' lang='lat' dir='ltr'><strong> </strong></span> 
     </span>
    </p>
   </div>
  </div>
 </body>
</html>
