3374 5232
811 463 849 520 55

310 687 445 764 tempore
463 677 550 742 valde
571 678 786 764 periculosum,
810 676 840 738 ri
857 663 994 738 adhibite
1015 677 1095 736 certe
1116 679 1258 733 successu
1279 683 1327 730 ee-

308 797 428 861 tuimet
473 797 585 862 Poetae
607 795 666 860 soli
687 795 777 860 licuit
794 815 857 858 rem
875 793 972 879 palam
988 792 1022 856 lu
1039 804 1127 856 scene
1145 797 1249 874 cgere,
1271 785 1327 851 tbi

308 918 432 1002 impune
465 916 591 981 ridendo
629 921 730 1001 posset
751 913 848 979 dicere
875 923 995 990 uerum3
1026 910 1079 974 vix
1109 917 1231 998 queque
1257 921 1326 970 eum

306 1033 403 1121 plebis
436 1035 584 1099 inuidiam
617 1034 756 1120 effugisse
788 1053 857 1096 cum
890 1037 953 1096 tam
985 1027 1175 1095 mordacibus
1207 1021 1327 1090 fucetlls

306 1155 532 1240 perstringeret,
565 1153 648 1238 quod
675 1153 722 1218 illi
746 1157 824 1216 esset
847 1150 1049 1229 carissimum,
1073 1147 1148 1212 setis
1169 1142 1325 1232 prcbtblle

306 1273 380 1336 mihi
399 1273 535 1353 videtum
554 1294 645 1357 quem
664 1287 755 1358 grave
772 1271 918 1357 suscipiat
933 1281 1059 1348 munus,
1078 1268 1178 1332 iocose
1194 1263 1326 1329 sedvere

304 1392 369 1478 ipse
391 1392 503 1457 latetur
526 1391 629 1478 (Veep.
653 1392 740 1474 θῡθ).

348 1509 491 1595 Undique
513 1529 530 1574 e
551 1509 652 1574 fabula
674 1515 798 1596 apparet
819 1515 939 1597 poetam
963 1523 1022 1573 unu
1039 1521 1108 1572 cum
1126 1502 1325 1592 optimatibus

303 1628 483 1694 intellexisse
517 1637 547 1694 et
577 1637 732 1715 expertum
767 1651 848 1708 esse,
883 1628 1125 1694 iurisdietionem
1153 1623 1324 1712 plebeculae

304 1749 496 1834 nequissimis
530 1749 602 1813 viris
636 1748 827 1835 obsequentis
856 1773 873 1812 a
903 1748 1085 1835 reipublicae
1114 1753 1145 1812 et
1175 1746 1325 1811 bonorum

304 1868 417 1933 civium
434 1868 530 1934 salute
548 1871 677 1934 maxime
696 1869 854 1934 abhorrere
872 1887 999 1953 eamque
1014 1868 1327 1953 docuisseutpraeter

304 1995 507 2073 spectatorum
536 1988 718 2053 cachinnum
748 2009 802 2052 sua
830 1988 994 2052 acrimonia
1027 1985 1162 2052 taedium
1192 1989 1327 2050 moveret

304 2107 455 2192 potentiae
471 2107 723 2195 demagegcrnm‚
743 2127 871 2193 quorum
888 2108 1066 2171 acctcrltete
1077 2119 1168 2200 penes
1181 2104 1325 2192 populum

304 2226 398 2290 fracta
429 2227 567 2311 sperabat
597 2229 661 2291 fore
691 2233 726 2291 ct
751 2228 880 2313 pristina
906 2227 1016 2291 rediret
1033 2225 1177 2302 felicitas.
1223 2225 1325 2306 Quam

304 2345 387 2429 quod
409 2346 452 2410 nil
480 2347 574 2432 magis
597 2346 735 2433 placebat
757 2346 978 2432 optimatibus,
1003 2345 1057 2431 qui
1079 2351 1184 2431 postes
1209 2359 1271 2409 rem
1292 2345 1324 2407 ci

303 2465 502 2549 perfecerunt.
548 2465 641 2530 Recte
672 2466 793 2531 videbat
822 2472 912 2552 poeta
939 2465 1084 2552 populum
1113 2465 1151 2530 ad
1170 2463 1325 2529 meliorem

303 2584 384 2670 lrugi
406 2605 468 2648 non
491 2583 659 2650 rediturum
688 2586 748 2649 nisi
777 2597 835 2670 patr
864 2587 964 2663 fieret,
997 2585 1068 2669 quia
1091 2583 1197 2671 populi
1224 2579 1324 2649 mode·

302 2710 435 2768 ratorum
467 2705 528 2768 vim
559 2705 722 2790 frangeret3
750 2705 794 2768 sie
823 2706 903 2769 euim
935 2703 1035 2791 plebs,
1060 2705 1206 2770 destitute
1229 2703 1284 2782 lis,
1307 2711 1331 2768 a'

302 2823 410 2907 quibus
433 2824 575 2902 aleretur,
600 2824 722 2888 inermis
745 2823 861 2888 sederet
883 2830 913 2888 et
942 2824 1075 2889 mercede
1105 2823 1223 2889 sublata
1253 2847 1322 2890 mox

301 2942 411 3006 rediret
441 2941 478 3005 ad
501 2942 631 3020 laborm,
662 2942 743 3007 uude
771 2943 902 3022 viveret,
925 2951 978 3008 aut
1000 2950 1079 3008 certe
1102 2942 1221 3007 mitiore
1243 2950 1322 3008 esset

301 3063 410 3125 animo,
456 3061 547 3141 Quod
572 3061 646 3125 facit
675 3069 762 3147 poeta
793 3062 917 3126 chorum
948 3064 980 3126 in
1008 3062 1086 3128 Pace
1113 3064 1319 3149 ipsumprae-

301 3180 453 3244 dicantem
476 3178 559 3263 (Pac.
584 3183 678 3265 346):

345 3360 369 3423 el
393 3361 455 3439 γαρ
475 3359 623 3438 ἐκγένοιτ’
640 3357 712 3425 Ξδὶῖν
733 3361 851 3436 ταύτην
866 3385 906 3438 με
922 3364 977 3436 τὴν
993 3362 1110 3442 ἡμέραν
1125 3363 1257 3450 (Pacem)

345 3480 445 3544 οὐκέτ’
467 3477 505 3543 ἄν
528 3482 563 3559 μ’
576 3479 669 3560 εὕροις
694 3482 840 3555 δικαστὴν
862 3481 967 3561 δριμὺν
991 3483 1057 3549 οὐδὲ
1081 3483 1236 3550 δύσκολον.

346 3601 411 3665 οὐδὲ
426 3602 496 3672 τοὺς
511 3601 638 3680 τρόπους
654 3626 693 3679 γε
716 3603 810 3675 δήπου
827 3603 974 3684 σκληρὸν,
994 3603 1093 3686 ὥσπερ
1109 3607 1161 3669 καὶ
1178 3609 1234 3686 πρὸ
1248 3612 1313 3671 τοῦ.

347 3722 422 3785 ἀλλ’
438 3722 562 3786 ἁπαλὸν
587 3721 625 3785 ἄν
648 3725 683 3798 μ’
699 3723 782 3792 ἴδοις.

345 3841 397 3905 καὶ
422 3843 501 3906 πολὺ
526 3843 674 3921 νεώτερον.

345 3961 582 4038 ἀπαλλαγέντα
606 3962 813 4041 πραγμάτων.

346 4141 392 4206 Ex
414 4141 566 4221 omuibus,
591 4165 665 4227 qucs
683 4144 742 4208 huc
768 4164 862 4230 usque
881 4146 1062 4232 perlegimus
1083 4147 1208 4226 fabulis,
1233 4149 1316 4213 lucu·
