3374 5232
866 449 884 510 6
922 449 924 454 .

374 657 443 724 ideo
466 659 642 746 indulgebat
663 662 762 748 plebis
785 659 928 740 lubidini,
963 668 996 724 ut
1024 681 1077 724 sna
1103 661 1296 724 auctoritas'
1288 679 1320 723 m
1342 681 1388 724 re

372 749 495 863 publica
520 773 686 866 plurimum
711 780 834 847 valeret.
879 779 1005 844 Undef
1004 784 1051 843 act
1052 799 1102 843 um
1126 786 1186 859 est,
1210 775 1387 865 utThucy·

372 887 443 962 dide
476 895 631 963 duce'f
587 899 653 984 (cfr.
629 899 765 965 r.th
800 899 876 985 676)
911 899 1087 985 optimates,
1124 897 1248 963 nimiam
1282 900 1389 986 populi

369 1002 523 1079 licentiam
546 1015 687 1082 timentes
709 1017 764 1082 uni
784 1018 848 1082 viro
867 1017 1077 1103 obsequentis,
1101 1039 1218 1084 summa
1240 1039 1297 1105 ope
1319 1041 1387 1085 oon·
1432 1027 1435 1035 ’

371 1139 417 1200 tra
439 1157 508 1200 eum
530 1135 591 1201 nisi
612 1137 684 1203 sint.

370 1239 373 1246 ’
416 1253 485 1342 Ipee
507 1261 599 1342 poeta
620 1256 748 1343 pessime
775 1256 854 1338 odit,
886 1257 1059 1342 quicunqne
1089 1257 1184 1322 fretus
1211 1257 1309 1342 gratia
1336 1279 1387 1343 po·

371 1372 484 1462 puleii,
515 1374 647 1460 privatae
675 1397 722 1440 res
748 1375 825 1441 solas
853 1375 993 1462 respiciat
1024 1384 1054 1440 et
1084 1375 1175 1440 soloti
1207 1373 1389 1461 reipublicae

371 1499 544 1580 anteponat.
572 1493 665 1560 'Eam
691 1513 755 1560 rem
776 1494 915 1581 inprimis
948 1500 1034 1559 notet
1060 1491 1091 1558 in
1125 1493 1298 1580 demagogis
1326 1515 1387 1558 car·

371 1611 487 1698 pendis.
534 1611 620 1694 Quae
647 1613 743 1699 igitur
769 1614 861 1679 fnerit
887 1614 951 1678 eius
981 1614 1145 1692 sententia,
1168 1630 1236 1678 cnm
1260 1613 1388 1678 Pericles

372 1733 519 1820 populum
546 1734 585 1799 ad
613 1733 724 1800 bellum
750 1725 902 1815 incitaret,
934 1734 1019 1800 facile
1049 1734 1192 1799 coniicias
1199 1761 1208 1815 3
1239 1741 1389 1820 praeterea

371 1851 507 1918 luculent
494 1858 539 1918 ter
562 1860 684 1940 apparet
706 1874 722 1918 s
670 1853 864 1919 tfebulis.
911 1854 949 1918 Ιιι
968 1853 1212 1918 Acharneusibns
1231 1855 1309 1938 (vers
1325 1857 1387 1918 520

372 1972 470 2057 seqq.)
506 1971 646 2040 acerrime
675 1971 830 2040 invehitur
860 1973 893 2036 in
921 1972 1085 2052 Periclem,
1110 1973 1189 2058 qnod
1208 1975 1375 2038 suaserite

372 2071 493 2177 quidem
517 2075 555 2157 oh
582 2082 702 2162 cansam
729 2092 878 2178 privatam
885 2075 1080 2178 ,populiscit
1082 2114 1131 2156 um
1160 2099 1229 2156 cont
1231 2116 1263 2157 ra
1285 2091 1389 2178 Mega·

298 2269 304 2282 ,
372 2225 486 2291 rences,
511 2225 572 2294 qno
593 2208 768 2274 bellnmt
727 2212 768 2276 eit
793 2217 902 2276 ortum.
948 2209 1026 2274 Vera
1056 2229 1094 2277 an
1122 2211 1193 2274 ficta
1221 2211 1262 2274 sit
1290 2231 1389 2276 narra-

371 2326 527 2406 tiuncula,
564 2343 654 2412 qnam
688 2328 732 2394 ibi
765 2329 914 2415 legimus,
957 2349 1017 2392 non
1052 2329 1125 2392 eatis
1160 2335 1295 2407 certnm3
1337 2331 1389 2394 sed

371 2444 545 2532 Thucydidi
580 2445 774 2528 credendum,
810 2448 932 2534 opinor,
967 2449 1121 2526 narranti,
1156 2465 1274 2512 causam
1309 2448 1390 2513 illius

371 2565 539 2652 rogationis
561 2565 652 2630 foisse
674 2567 729 2640 ιιι
756 2567 947 2648 ἕπεργιισιιιν
973 2571 1028 2640 τις
1057 2571 1118 2644 γῆς
1142 2576 1198 2642 τις
1225 2570 1307 2649 ἱερᾶς
1335 2570 1387 2632 cat

371 2683 564 2766 ἀνδραπόδων
600 2687 752 2768 ὑποδοχὴν
794 2689 853 2751 τῶν
892 2687 1140 2769 deprecandorum
1177 2665 1253 2773 quae
1287 2687 1388 2752 antem

371 2803 454 2891 apud
472 2799 703 2892 Aristophanem
719 2806 864 2892 legimus,
884 2802 940 2872 ‘aut
965 2807 1080 2872 comice
1102 2809 1189 2886 ficta,
1212 2813 1266 2872 aut
1288 2807 1391 2893 potius

373 2945 522 2992 rumorem
549 2927 642 2992 fnisse
664 2927 701 2992 ab
725 2926 901 2992 adversariis
923 2926 1107 3013 dispersum,
1130 2911 1291 2991 verisimile
1314 2927 1390 2990 mihi
1459 3007 1462 3018 A

374 3067 439 3111 esse
463 3043 591 3112 videtur.
636 3044 748 3112 Eadem
776 3046 887 3111 cadunt
916 3045 949 3110 in
977 3044 1214 3125 accusationem,
1246 3067 1334 3130 quam
1357 3045 1390 3108 in

375 3166 454 3231 Pace
476 3167 660 3252 invenimus,
691 3166 773 3253 quod
798 3165 947 3247 Pericles,
970 3171 1121 3243 metuens,
1145 3186 1183 3228 ne
1205 3169 1240 3228 ut
1267 3162 1391 3229 Phidias

378 3286 534 3352 convictus
556 3287 660 3376 cnlpae
678 3309 787 3373 poenas
811 3285 909 3367 daret,
942 3283 1051 3350 bellum
1073 3283 1181 3348 civerit
1206 3290 1310 3347 eontra
1334 3279 1390 3346 La-

378 3405 596 3472 cedaemonios.
642 3406 689 3470 De
712 3427 772 3490 qua
795 3427 825 3469 re
847 3405 911 3492 ipse
933 3405 1087 3490 Tragaeus
1107 3402 1193 3467 dicit:
1218 3425 1249 3467 v.
1272 3404 1346 3467 615.

399 3591 506 3652 caira
531 3584 629 3652 τοίνυν
653 3586 700 3664 μοι
722 3586 773 3650 τὸν
796 3583 942 3649 Ἀπόλλω
967 3584 1033 3662 'yde’
1052 3581 1220 3658 meardenae
1244 3579 1374 3654 οὐδενός,

400 3707 460 3772 οὐδ’
475 3702 554 3782 ὅπως
581 3708 661 3791 αὐτῇ
689 3705 784 3790 (Paci)
810 3705 952 3784 προσήκοι
976 3702 1098 3774 Φειδίας
1123 3700 1270 3776 denodare.

422 3887 507 3954 Haec
530 3887 631 3952 omnia
657 3893 774 3966 tamen,
802 3885 866 3950 eive
897 3907 980 3965 vera,
1012 3885 1074 3948 eive
1104 3882 1176 3948 falsa
1197 3889 1286 3969 poeta
1308 3881 1391 3946 adhi-

374 4009 459 4091 buit,
480 3985 562 4096 pacis
583 4005 805 4072 amantissimus
832 4005 869 4069 ad
893 4003 963 4068 belli
983 4009 1134 4067 auctorem
1158 3999 1390 4087 exagitandum,

377 4130 429 4214 qni
466 4127 569 4192 turbam
598 4126 636 4190 ob
669 4133 729 4190 tam
761 4123 886 4188 subtiles
921 4141 1024 4188 causes
1059 4121 1250 4199 concitasset,
1281 4126 1311 4182 et
1338 4139 1391 4181 sua
