<?xml version="1.0" encoding="UTF-8"?>
<!DOCTYPE html PUBLIC "-//W3C//DTD XHTML 1.0 Transitional//EN"
    "http://www.w3.org/TR/xhtml1/DTD/xhtml1-transitional.dtd">
<html xmlns="http://www.w3.org/1999/xhtml" xml:lang="en" lang="en">
 <head>
  <title>
</title>
<meta http-equiv="Content-Type" content="text/html;charset=utf-8" />
  <meta name='ocr-system' content='tesseract 3.04.00' />
  <meta name='ocr-capabilities' content='ocr_page ocr_carea ocr_par ocr_line ocrx_word'/>
</head>
<body>
  <div class='ocr_page' id='page_1' title='image "./inaristophanisd00frangoog_0103.png"; bbox 0 0 3374 5232; ppageno 0'>
   <div class='ocr_carea' id='block_1_1' title="bbox 852 468 893 527">
    <p class='ocr_par' dir='ltr' id='par_1_1' title="bbox 852 468 893 527">
     <span class='ocr_line' id='line_1_1' title="bbox 852 468 893 527; baseline 0 0"><span class='ocrx_word' id='word_1_1' title='bbox 852 468 893 527; x_wconf 89' lang='grc'>90</span> 
     </span>
    </p>
   </div>
   <div class='ocr_carea' id='block_1_2' title="bbox 368 675 1191 938">
    <p class='ocr_par' dir='ltr' id='par_1_2' title="bbox 368 675 1191 938">
     <span class='ocr_line' id='line_1_2' title="bbox 368 675 1191 766; baseline 0.004 -28"><span class='ocrx_word' id='word_1_2' title='bbox 368 683 398 738; x_wconf 76' lang='lat' dir='ltr'>et</span> <span class='ocrx_word' id='word_1_3' title='bbox 421 675 602 742; x_wconf 65' lang='lat' dir='ltr'>mordenter</span> <span class='ocrx_word' id='word_1_4' title='bbox 629 681 773 744; x_wconf 80' lang='lat' dir='ltr'>exelamat</span> <span class='ocrx_word' id='word_1_5' title='bbox 798 679 988 766; x_wconf 79' lang='lat' dir='ltr'>Dicaeopolis</span> <span class='ocrx_word' id='word_1_6' title='bbox 1012 681 1052 763; x_wconf 88' lang='lat' dir='ltr'>(v.</span> <span class='ocrx_word' id='word_1_7' title='bbox 1079 679 1191 761; x_wconf 63' lang='lat' dir='ltr'>loen:</span> 
     </span>
     <span class='ocr_line' id='line_1_3' title="bbox 577 857 1172 938; baseline -0.008 -14"><span class='ocrx_word' id='word_1_8' title='bbox 577 862 607 924; x_wconf 72' lang='lat' dir='ltr'>za</span> <span class='ocrx_word' id='word_1_9' title='bbox 633 858 818 938; x_wconf 79' lang='grc' dir='ltr'><em>στρασενμα</em></span> <span class='ocrx_word' id='word_1_10' title='bbox 844 857 1172 938; x_wconf 69' lang='grc' dir='ltr'>πολεμολαμαχαϊκόν</span> 
     </span>
    </p>
   </div>
   <div class='ocr_carea' id='block_1_3' title="bbox 364 1035 1380 1241">
    <p class='ocr_par' dir='ltr' id='par_1_3' title="bbox 364 1035 1380 1241">
     <span class='ocr_line' id='line_1_4' title="bbox 411 1035 1379 1123; baseline 0.002 -25"><span class='ocrx_word' id='word_1_11' title='bbox 411 1035 525 1121; x_wconf 86' lang='lat' dir='ltr'>Magno</span> <span class='ocrx_word' id='word_1_12' title='bbox 549 1059 618 1102; x_wconf 89' lang='lat' dir='ltr'>cnm</span> <span class='ocrx_word' id='word_1_13' title='bbox 641 1038 739 1103; x_wconf 84' lang='lat' dir='ltr'>derisu</span> <span class='ocrx_word' id='word_1_14' title='bbox 763 1046 794 1103; x_wconf 76' lang='lat' dir='ltr'>et</span> <span class='ocrx_word' id='word_1_15' title='bbox 817 1044 990 1123; x_wconf 79' lang='lat' dir='ltr'>contemptu</span> <span class='ocrx_word' id='word_1_16' title='bbox 1002 1037 1192 1123; x_wconf 78' lang='lat' dir='ltr'>Dicaeopolia</span> <span class='ocrx_word' id='word_1_17' title='bbox 1203 1037 1281 1122; x_wconf 78' lang='lat' dir='ltr'>petit</span> <span class='ocrx_word' id='word_1_18' title='bbox 1293 1059 1379 1114; x_wconf 89' lang='lat' dir='ltr'>eum,</span> 
     </span>
     <span class='ocr_line' id='line_1_5' title="bbox 364 1152 1380 1241; baseline 0.005 -26"><span class='ocrx_word' id='word_1_19' title='bbox 364 1153 419 1235; x_wconf 88' lang='lat' dir='ltr'>qui</span> <span class='ocrx_word' id='word_1_20' title='bbox 454 1152 541 1238; x_wconf 89' lang='lat' dir='ltr'>paulo</span> <span class='ocrx_word' id='word_1_21' title='bbox 577 1165 646 1220; x_wconf 84' lang='lat' dir='ltr'>ante</span> <span class='ocrx_word' id='word_1_22' title='bbox 681 1179 763 1220; x_wconf 85' lang='lat' dir='ltr'>suam</span> <span class='ocrx_word' id='word_1_23' title='bbox 798 1157 941 1240; x_wconf 77' lang='lat' dir='ltr'>virttem</span> <span class='ocrx_word' id='word_1_24' title='bbox 968 1158 1093 1220; x_wconf 81' lang='lat' dir='ltr'>iactaret</span> <span class='ocrx_word' id='word_1_25' title='bbox 1119 1167 1150 1221; x_wconf 88' lang='lat' dir='ltr'>et</span> <span class='ocrx_word' id='word_1_26' title='bbox 1176 1178 1279 1241; x_wconf 88' lang='lat' dir='ltr'>paoem</span> <span class='ocrx_word' id='word_1_27' title='bbox 1311 1179 1380 1220; x_wconf 90' lang='lat' dir='ltr'>con·</span> 
     </span>
    </p>
   </div>
   <div class='ocr_carea' id='block_1_4' title="bbox 363 1280 517 1337">
    <p class='ocr_par' dir='ltr' id='par_1_4' title="bbox 363 1280 517 1337">
     <span class='ocr_line' id='line_1_6' title="bbox 363 1280 517 1337; baseline 0.019 -3"><span class='ocrx_word' id='word_1_28' title='bbox 363 1280 517 1337; x_wconf 75' lang='lat' dir='ltr'><strong>temneret.</strong></span> 
     </span>
    </p>
   </div>
   <div class='ocr_carea' id='block_1_5' title="bbox 406 1356 1380 1480">
    <p class='ocr_par' dir='ltr' id='par_1_5' title="bbox 406 1356 1380 1480">
     <span class='ocr_line' id='line_1_7' title="bbox 406 1356 1380 1480; baseline 0.004 -26"><span class='ocrx_word' id='word_1_29' title='bbox 406 1391 486 1456; x_wconf 89' lang='lat' dir='ltr'>Dum</span> <span class='ocrx_word' id='word_1_30' title='bbox 526 1392 711 1458; x_wconf 83' lang='lat' dir='ltr'>Lamachum</span> <span class='ocrx_word' id='word_1_31' title='bbox 751 1396 788 1460; x_wconf 85' lang='lat' dir='ltr'>ad</span> <span class='ocrx_word' id='word_1_32' title='bbox 819 1417 952 1480; x_wconf 87' lang='lat' dir='ltr'>pugnam</span> <span class='ocrx_word' id='word_1_33' title='bbox 979 1356 1128 1480; x_wconf 66' lang='lat' dir='ltr'>proficisci</span> <span class='ocrx_word' id='word_1_34' title='bbox 1159 1394 1264 1458; x_wconf 79' lang='lat' dir='ltr'>iubent</span> <span class='ocrx_word' id='word_1_35' title='bbox 1299 1417 1380 1479; x_wconf 87' lang='lat' dir='ltr'>prae-</span> 
     </span>
    </p>
   </div>
   <div class='ocr_carea' id='block_1_6' title="bbox 359 1511 1380 3124">
    <p class='ocr_par' dir='ltr' id='par_1_6' title="bbox 359 1511 1380 3124">
     <span class='ocr_line' id='line_1_8' title="bbox 365 1511 1380 1599; baseline 0.005 -26"><span class='ocrx_word' id='word_1_36' title='bbox 365 1517 444 1575; x_wconf 84' lang='lat' dir='ltr'>tores</span> <span class='ocrx_word' id='word_1_37' title='bbox 468 1511 660 1598; x_wconf 83' lang='lat' dir='ltr'>Dicaeopolis</span> <span class='ocrx_word' id='word_1_38' title='bbox 692 1515 729 1577; x_wconf 91' lang='lat' dir='ltr'>ad</span> <span class='ocrx_word' id='word_1_39' title='bbox 753 1515 862 1578; x_wconf 82' lang='lat' dir='ltr'>festum</span> <span class='ocrx_word' id='word_1_40' title='bbox 893 1525 1016 1580; x_wconf 80' lang='lat' dir='ltr'>vocatur</span> <span class='ocrx_word' id='word_1_41' title='bbox 1039 1537 1056 1578; x_wconf 90' lang='lat' dir='ltr'>a</span> <span class='ocrx_word' id='word_1_42' title='bbox 1078 1513 1205 1599; x_wconf 81' lang='lat' dir='ltr'>Dionysi</span> <span class='ocrx_word' id='word_1_43' title='bbox 1229 1514 1380 1578; x_wconf 76' lang='lat' dir='ltr'>sacerdote</span> 
     </span>
     <span class='ocr_line' id='line_1_9' title="bbox 363 1631 1378 1719; baseline 0.004 -27"><span class='ocrx_word' id='word_1_44' title='bbox 363 1631 533 1710; x_wconf 78' lang='lat' dir='ltr'>nuntianti,</span> <span class='ocrx_word' id='word_1_45' title='bbox 571 1632 710 1698; x_wconf 86' lang='lat' dir='ltr'>omnibus</span> <span class='ocrx_word' id='word_1_46' title='bbox 740 1632 799 1696; x_wconf 87' lang='lat' dir='ltr'>iam</span> <span class='ocrx_word' id='word_1_47' title='bbox 828 1635 940 1719; x_wconf 80' lang='lat' dir='ltr'>paratio</span> <span class='ocrx_word' id='word_1_48' title='bbox 970 1656 1039 1698; x_wconf 91' lang='lat' dir='ltr'>eum</span> <span class='ocrx_word' id='word_1_49' title='bbox 1074 1632 1171 1695; x_wconf 85' lang='lat' dir='ltr'>solum</span> <span class='ocrx_word' id='word_1_50' title='bbox 1203 1635 1378 1717; x_wconf 82' lang='lat' dir='ltr'>exspectari.</span> 
     </span>
     <span class='ocr_line' id='line_1_10' title="bbox 362 1748 1378 1840; baseline 0.004 -28"><span class='ocrx_word' id='word_1_51' title='bbox 362 1748 495 1814; x_wconf 80' lang='lat' dir='ltr'>Alternis</span> <span class='ocrx_word' id='word_1_52' title='bbox 527 1750 625 1815; x_wconf 82' lang='lat' dir='ltr'>verbis</span> <span class='ocrx_word' id='word_1_53' title='bbox 655 1774 704 1817; x_wconf 89' lang='lat' dir='ltr'>eos</span> <span class='ocrx_word' id='word_1_54' title='bbox 736 1752 808 1816; x_wconf 80' lang='lat' dir='ltr'>feeit</span> <span class='ocrx_word' id='word_1_55' title='bbox 834 1761 923 1840; x_wconf 84' lang='lat' dir='ltr'>poeta</span> <span class='ocrx_word' id='word_1_56' title='bbox 951 1760 1084 1838; x_wconf 72' lang='lat' dir='ltr'>petentes</span> <span class='ocrx_word' id='word_1_57' title='bbox 1116 1753 1281 1817; x_wconf 83' lang='lat' dir='ltr'>necessaria</span> <span class='ocrx_word' id='word_1_58' title='bbox 1308 1751 1378 1829; x_wconf 81' lang='lat' dir='ltr'>alte·</span> 
     </span>
     <span class='ocr_line' id='line_1_11' title="bbox 361 1869 1376 1957; baseline 0.003 -26"><span class='ocrx_word' id='word_1_59' title='bbox 361 1891 427 1932; x_wconf 87' lang='lat' dir='ltr'>rum</span> <span class='ocrx_word' id='word_1_60' title='bbox 463 1869 499 1933; x_wconf 88' lang='lat' dir='ltr'>ad</span> <span class='ocrx_word' id='word_1_61' title='bbox 535 1871 628 1934; x_wconf 74' lang='lat' dir='ltr'>festos</span> <span class='ocrx_word' id='word_1_62' title='bbox 663 1871 873 1951; x_wconf 81' lang='lat' dir='ltr'>celebrandos,</span> <span class='ocrx_word' id='word_1_63' title='bbox 910 1873 1038 1936; x_wconf 83' lang='lat' dir='ltr'>alterum</span> <span class='ocrx_word' id='word_1_64' title='bbox 1070 1873 1107 1936; x_wconf 91' lang='lat' dir='ltr'>ad</span> <span class='ocrx_word' id='word_1_65' title='bbox 1139 1872 1376 1957; x_wconf 84' lang='lat' dir='ltr'>expeditionem:</span> 
     </span>
     <span class='ocr_line' id='line_1_12' title="bbox 361 1971 1377 2076; baseline 0.002 -25"><span class='ocrx_word' id='word_1_66' title='bbox 361 2010 453 2072; x_wconf 88' lang='lat' dir='ltr'>quum</span> <span class='ocrx_word' id='word_1_67' title='bbox 466 1988 634 2055; x_wconf 81' lang='lat' dir='ltr'><strong>Lamachus</strong></span> <span class='ocrx_word' id='word_1_68' title='bbox 654 1990 741 2054; x_wconf 80' lang='lat' dir='ltr'>iubet</span> <span class='ocrx_word' id='word_1_69' title='bbox 759 1990 820 2054; x_wconf 87' lang='lat' dir='ltr'>alas</span> <span class='ocrx_word' id='word_1_70' title='bbox 837 1991 893 2055; x_wconf 89' lang='lat' dir='ltr'>sibi</span> <span class='ocrx_word' id='word_1_71' title='bbox 913 1991 1010 2054; x_wconf 84' lang='lat' dir='ltr'>afferri</span> <span class='ocrx_word' id='word_1_72' title='bbox 1031 2013 1107 2074; x_wconf 87' lang='lat' dir='ltr'>quae</span> <span class='ocrx_word' id='word_1_73' title='bbox 1126 1991 1238 2076; x_wconf 83' lang='lat' dir='ltr'>galeam</span> <span class='ocrx_word' id='word_1_74' title='bbox 1257 1971 1377 2070; x_wconf 79' lang='lat' dir='ltr'>onient,</span> 
     </span>
     <span class='ocr_line' id='line_1_13' title="bbox 362 2083 1377 2196; baseline 0.001 -25"><span class='ocrx_word' id='word_1_75' title='bbox 362 2108 554 2194; x_wconf 84' lang='lat' dir='ltr'>Dicaeopolis</span> <span class='ocrx_word' id='word_1_76' title='bbox 577 2109 635 2173; x_wconf 84' lang='lat' dir='ltr'>sibi</span> <span class='ocrx_word' id='word_1_77' title='bbox 660 2111 737 2194; x_wconf 77' lang='lat' dir='ltr'>petit</span> <span class='ocrx_word' id='word_1_78' title='bbox 760 2083 917 2195; x_wconf 65' lang='lat' dir='ltr'>palumbae</span> <span class='ocrx_word' id='word_1_79' title='bbox 941 2111 1120 2195; x_wconf 82' lang='lat' dir='ltr'>turdosquo,</span> <span class='ocrx_word' id='word_1_80' title='bbox 1142 2109 1377 2196; x_wconf 75' lang='lat' dir='ltr'>qooseomedat.</span> 
     </span>
     <span class='ocr_line' id='line_1_14' title="bbox 362 2226 1375 2316; baseline 0.002 -27"><span class='ocrx_word' id='word_1_81' title='bbox 362 2226 483 2310; x_wconf 82' lang='lat' dir='ltr'>Eeqnae</span> <span class='ocrx_word' id='word_1_82' title='bbox 508 2230 604 2292; x_wconf 77' lang='lat' dir='ltr'>oratio</span> <span class='ocrx_word' id='word_1_83' title='bbox 631 2229 662 2292; x_wconf 91' lang='lat' dir='ltr'>in</span> <span class='ocrx_word' id='word_1_84' title='bbox 686 2230 828 2293; x_wconf 85' lang='lat' dir='ltr'>concione</span> <span class='ocrx_word' id='word_1_85' title='bbox 855 2251 908 2315; x_wconf 89' lang='lat' dir='ltr'>pro</span> <span class='ocrx_word' id='word_1_86' title='bbox 931 2229 1009 2293; x_wconf 84' lang='lat' dir='ltr'>Pace</span> <span class='ocrx_word' id='word_1_87' title='bbox 1032 2229 1134 2294; x_wconf 85' lang='lat' dir='ltr'>habita</span> <span class='ocrx_word' id='word_1_88' title='bbox 1157 2231 1253 2316; x_wconf 80' lang='lat' dir='ltr'>magis</span> <span class='ocrx_word' id='word_1_89' title='bbox 1270 2229 1375 2314; x_wconf 87' lang='lat' dir='ltr'>populi</span> 
     </span>
     <span class='ocr_line' id='line_1_15' title="bbox 361 2347 1376 2434; baseline 0.001 -25"><span class='ocrx_word' id='word_1_90' title='bbox 361 2347 478 2410; x_wconf 86' lang='lat' dir='ltr'>animos</span> <span class='ocrx_word' id='word_1_91' title='bbox 509 2355 611 2432; x_wconf 79' lang='lat' dir='ltr'>posset</span> <span class='ocrx_word' id='word_1_92' title='bbox 640 2349 783 2412; x_wconf 82' lang='lat' dir='ltr'>movere?</span> <span class='ocrx_word' id='word_1_93' title='bbox 822 2348 906 2428; x_wconf 76' lang='lat' dir='ltr'>Quid</span> <span class='ocrx_word' id='word_1_94' title='bbox 934 2350 993 2412; x_wconf 81' lang='lat' dir='ltr'>iani</span> <span class='ocrx_word' id='word_1_95' title='bbox 1022 2371 1097 2434; x_wconf 84' lang='lat' dir='ltr'>opus</span> <span class='ocrx_word' id='word_1_96' title='bbox 1120 2359 1165 2416; x_wconf 78' lang='lat' dir='ltr'>eat</span> <span class='ocrx_word' id='word_1_97' title='bbox 1188 2348 1280 2426; x_wconf 72' lang='lat' dir='ltr'>bello,</span> <span class='ocrx_word' id='word_1_98' title='bbox 1305 2349 1376 2411; x_wconf 86' lang='lat' dir='ltr'>dum</span> 
     </span>
     <span class='ocr_line' id='line_1_16' title="bbox 361 2465 1378 2552; baseline 0.001 -25"><span class='ocrx_word' id='word_1_99' title='bbox 361 2465 451 2529; x_wconf 83' lang='lat' dir='ltr'>liceat</span> <span class='ocrx_word' id='word_1_100' title='bbox 481 2465 671 2531; x_wconf 76' lang='lat' dir='ltr'>affluentibus</span> <span class='ocrx_word' id='word_1_101' title='bbox 702 2467 788 2532; x_wconf 86' lang='lat' dir='ltr'>bonis</span> <span class='ocrx_word' id='word_1_102' title='bbox 815 2490 887 2552; x_wconf 87' lang='lat' dir='ltr'>paee</span> <span class='ocrx_word' id='word_1_103' title='bbox 910 2468 989 2531; x_wconf 83' lang='lat' dir='ltr'>frui?</span> <span class='ocrx_word' id='word_1_104' title='bbox 1025 2468 1144 2532; x_wconf 80' lang='lat' dir='ltr'>iactent</span> <span class='ocrx_word' id='word_1_105' title='bbox 1166 2468 1308 2530; x_wconf 75' lang='lat' dir='ltr'>virtutem</span> <span class='ocrx_word' id='word_1_106' title='bbox 1333 2465 1378 2529; x_wconf 85' lang='lat' dir='ltr'>illi</span> 
     </span>
     <span class='ocr_line' id='line_1_17' title="bbox 360 2584 1377 2671; baseline 0.002 -25"><span class='ocrx_word' id='word_1_107' title='bbox 360 2585 418 2648; x_wconf 88' lang='lat' dir='ltr'>viri</span> <span class='ocrx_word' id='word_1_108' title='bbox 451 2584 583 2648; x_wconf 86' lang='lat' dir='ltr'>bellicosi</span> <span class='ocrx_word' id='word_1_109' title='bbox 592 2613 600 2663; x_wconf 88' lang='lat'>;</span> <span class='ocrx_word' id='word_1_110' title='bbox 632 2585 757 2670; x_wconf 68' lang='lat' dir='ltr'>simulac</span> <span class='ocrx_word' id='word_1_111' title='bbox 785 2586 855 2649; x_wconf 84' lang='lat' dir='ltr'>belli</span> <span class='ocrx_word' id='word_1_112' title='bbox 886 2587 1037 2649; x_wconf 83' lang='lat' dir='ltr'>aerumnis</span> <span class='ocrx_word' id='word_1_113' title='bbox 1069 2587 1127 2671; x_wconf 87' lang='lat' dir='ltr'>ipsi</span> <span class='ocrx_word' id='word_1_114' title='bbox 1151 2587 1248 2650; x_wconf 87' lang='lat' dir='ltr'>vexati</span> <span class='ocrx_word' id='word_1_115' title='bbox 1273 2587 1377 2649; x_wconf 88' lang='lat' dir='ltr'>iuenn·</span> 
     </span>
     <span class='ocr_line' id='line_1_18' title="bbox 362 2703 1378 2790; baseline 0.001 -24"><span class='ocrx_word' id='word_1_116' title='bbox 362 2703 447 2768; x_wconf 87' lang='lat' dir='ltr'>diora</span> <span class='ocrx_word' id='word_1_117' title='bbox 470 2703 552 2788; x_wconf 85' lang='lat' dir='ltr'>paois</span> <span class='ocrx_word' id='word_1_118' title='bbox 576 2704 732 2768; x_wconf 85' lang='lat' dir='ltr'>commoda</span> <span class='ocrx_word' id='word_1_119' title='bbox 754 2705 963 2789; x_wconf 75' lang='lat' dir='ltr'>conspexerint</span> <span class='ocrx_word' id='word_1_120' title='bbox 986 2706 1047 2768; x_wconf 86' lang='lat' dir='ltr'>iam</span> <span class='ocrx_word' id='word_1_121' title='bbox 1069 2706 1127 2790; x_wconf 81' lang='lat' dir='ltr'>ipsi</span> <span class='ocrx_word' id='word_1_122' title='bbox 1149 2705 1260 2790; x_wconf 86' lang='lat' dir='ltr'>gloriae</span> <span class='ocrx_word' id='word_1_123' title='bbox 1273 2706 1378 2768; x_wconf 87' lang='lat' dir='ltr'>moles·</span> 
     </span>
     <span class='ocr_line' id='line_1_19' title="bbox 363 2821 1376 2899; baseline 0.001 -14"><span class='ocrx_word' id='word_1_124' title='bbox 363 2822 421 2885; x_wconf 81' lang='lat' dir='ltr'>tias</span> <span class='ocrx_word' id='word_1_125' title='bbox 457 2821 554 2886; x_wconf 86' lang='lat' dir='ltr'>valere</span> <span class='ocrx_word' id='word_1_126' title='bbox 588 2823 727 2888; x_wconf 85' lang='lat' dir='ltr'>iubentes</span> <span class='ocrx_word' id='word_1_127' title='bbox 761 2822 799 2887; x_wconf 90' lang='lat' dir='ltr'>ad</span> <span class='ocrx_word' id='word_1_128' title='bbox 832 2825 935 2887; x_wconf 86' lang='lat' dir='ltr'>omnia</span> <span class='ocrx_word' id='word_1_129' title='bbox 968 2824 1027 2888; x_wconf 87' lang='lat' dir='ltr'>alia</span> <span class='ocrx_word' id='word_1_130' title='bbox 1055 2824 1226 2889; x_wconf 78' lang='lat' dir='ltr'>transibunt</span> <span class='ocrx_word' id='word_1_131' title='bbox 1260 2831 1307 2899; x_wconf 79' lang='lat' dir='ltr'>et,</span> <span class='ocrx_word' id='word_1_132' title='bbox 1330 2825 1376 2887; x_wconf 77' lang='lat' dir='ltr'>uti</span> 
     </span>
     <span class='ocr_line' id='line_1_20' title="bbox 359 2941 1377 3029; baseline 0.002 -25"><span class='ocrx_word' id='word_1_133' title='bbox 359 2941 544 3021; x_wconf 79' lang='lat' dir='ltr'><strong>Lamachus,</strong></span> <span class='ocrx_word' id='word_1_134' title='bbox 569 2948 748 3027; x_wconf 80' lang='lat' dir='ltr'>tempestate</span> <span class='ocrx_word' id='word_1_135' title='bbox 770 2942 889 3007; x_wconf 82' lang='lat' dir='ltr'>hiemali</span> <span class='ocrx_word' id='word_1_136' title='bbox 913 2965 994 3008; x_wconf 83' lang='lat' dir='ltr'>arma</span> <span class='ocrx_word' id='word_1_137' title='bbox 1017 2965 1134 3008; x_wconf 81' lang='lat' dir='ltr'>somene</span> <span class='ocrx_word' id='word_1_138' title='bbox 1157 2945 1252 3007; x_wconf 83' lang='lat' dir='ltr'>eoacti</span> <span class='ocrx_word' id='word_1_139' title='bbox 1265 2944 1377 3029; x_wconf 84' lang='lat' dir='ltr'>frigore</span> 
     </span>
     <span class='ocr_line' id='line_1_21' title="bbox 360 3059 751 3124; baseline -0.005 -2"><span class='ocrx_word' id='word_1_140' title='bbox 360 3059 514 3124; x_wconf 82' lang='lat' dir='ltr'>horrentes</span> <span class='ocrx_word' id='word_1_141' title='bbox 537 3061 656 3124; x_wconf 83' lang='lat' dir='ltr'>dicent:</span> <span class='ocrx_word' id='word_1_142' title='bbox 747 3111 751 3120; x_wconf 87' lang='lat'>.</span> 
     </span>
    </p>
   </div>
   <div class='ocr_carea' id='block_1_7' title="bbox 558 3215 1175 3297">
    <p class='ocr_par' dir='ltr' id='par_1_7' title="bbox 558 3215 1175 3297">
     <span class='ocr_line' id='line_1_22' title="bbox 558 3215 1175 3297; baseline 0.01 -19"><span class='ocrx_word' id='word_1_143' title='bbox 558 3215 721 3294; x_wconf 67' lang='grc' dir='ltr'><em>βαβαιάξ·</em></span> <span class='ocrx_word' id='word_1_144' title='bbox 746 3218 894 3297; x_wconf 73' lang='grc' dir='ltr'>χειμέρια</span> <span class='ocrx_word' id='word_1_145' title='bbox 915 3217 957 3280; x_wconf 79' lang='grc' dir='ltr'>σα</span> <span class='ocrx_word' id='word_1_146' title='bbox 982 3217 1175 3297; x_wconf 66' lang='grc' dir='ltr'><em>πράγματα.</em></span> 
     </span>
    </p>
   </div>
   <div class='ocr_carea' id='block_1_8' title="bbox 342 3372 1373 3818">
    <p class='ocr_par' dir='ltr' id='par_1_8' title="bbox 342 3372 1373 3818">
     <span class='ocr_line' id='line_1_23' title="bbox 342 3372 1371 3461; baseline 0.003 -26"><span class='ocrx_word' id='word_1_147' title='bbox 342 3453 347 3461; x_wconf 34' lang='grc' dir='ltr'>Ι</span> <span class='ocrx_word' id='word_1_148' title='bbox 402 3372 486 3436; x_wconf 83' lang='lat' dir='ltr'>Civis</span> <span class='ocrx_word' id='word_1_149' title='bbox 510 3373 606 3438; x_wconf 84' lang='lat' dir='ltr'>bonus</span> <span class='ocrx_word' id='word_1_150' title='bbox 630 3384 734 3439; x_wconf 80' lang='lat' dir='ltr'>eontra</span> <span class='ocrx_word' id='word_1_151' title='bbox 757 3398 774 3438; x_wconf 89' lang='lat' dir='ltr'>a</span> <span class='ocrx_word' id='word_1_152' title='bbox 798 3374 876 3438; x_wconf 84' lang='lat' dir='ltr'>bello</span> <span class='ocrx_word' id='word_1_153' title='bbox 896 3375 1073 3454; x_wconf 69' lang='lat' dir='ltr'>abhorrenS,</span> <span class='ocrx_word' id='word_1_154' title='bbox 1093 3374 1216 3440; x_wconf 78' lang='lat' dir='ltr'>salntem</span> <span class='ocrx_word' id='word_1_155' title='bbox 1233 3375 1371 3438; x_wconf 87' lang='lat' dir='ltr'>omnium</span> 
     </span>
     <span class='ocr_line' id='line_1_24' title="bbox 358 3494 1371 3579; baseline 0.001 -23"><span class='ocrx_word' id='word_1_156' title='bbox 358 3494 481 3579; x_wconf 82' lang='lat' dir='ltr'>cupiens</span> <span class='ocrx_word' id='word_1_157' title='bbox 505 3494 542 3558; x_wconf 85' lang='lat' dir='ltr'>ad</span> <span class='ocrx_word' id='word_1_158' title='bbox 567 3494 706 3558; x_wconf 82' lang='lat' dir='ltr'>hilariora</span> <span class='ocrx_word' id='word_1_159' title='bbox 729 3517 760 3557; x_wconf 81' lang='lat' dir='ltr'>se</span> <span class='ocrx_word' id='word_1_160' title='bbox 783 3500 881 3558; x_wconf 75' lang='lat' dir='ltr'>vertet</span> <span class='ocrx_word' id='word_1_161' title='bbox 900 3495 1092 3577; x_wconf 79' lang='grc' dir='ltr'><em>(σνμσοσικα</em></span> <span class='ocrx_word' id='word_1_162' title='bbox 1108 3495 1148 3556; x_wconf 76' lang='grc' dir='ltr'>σα</span> <span class='ocrx_word' id='word_1_163' title='bbox 1166 3496 1371 3577; x_wconf 75' lang='grc' dir='ltr'><em>σρανμασα).</em></span> 
     </span>
     <span class='ocr_line' id='line_1_25' title="bbox 356 3613 1373 3698; baseline -0.002 -20"><span class='ocrx_word' id='word_1_164' title='bbox 356 3613 475 3678; x_wconf 80' lang='lat' dir='ltr'>Chorus</span> <span class='ocrx_word' id='word_1_165' title='bbox 506 3613 644 3691; x_wconf 84' lang='lat' dir='ltr'>tandem,</span> <span class='ocrx_word' id='word_1_166' title='bbox 676 3614 834 3696; x_wconf 79' lang='lat' dir='ltr'>utriusque</span> <span class='ocrx_word' id='word_1_167' title='bbox 865 3615 1010 3679; x_wconf 85' lang='lat' dir='ltr'>diversam</span> <span class='ocrx_word' id='word_1_168' title='bbox 1049 3616 1198 3678; x_wconf 82' lang='lat' dir='ltr'>fortunam</span> <span class='ocrx_word' id='word_1_169' title='bbox 1236 3619 1373 3698; x_wconf 81' lang='lat' dir='ltr'>spectans</span> 
     </span>
     <span class='ocr_line' id='line_1_26' title="bbox 356 3731 1297 3818; baseline -0.002 -22"><span class='ocrx_word' id='word_1_170' title='bbox 356 3732 472 3796; x_wconf 66' lang='lat' dir='ltr'>evieans</span> <span class='ocrx_word' id='word_1_171' title='bbox 500 3731 638 3795; x_wconf 83' lang='lat' dir='ltr'>coneedit</span> <span class='ocrx_word' id='word_1_172' title='bbox 660 3732 691 3794; x_wconf 86' lang='lat' dir='ltr'>in</span> <span class='ocrx_word' id='word_1_173' title='bbox 715 3733 876 3795; x_wconf 85' lang='lat' dir='ltr'>eonsilium</span> <span class='ocrx_word' id='word_1_174' title='bbox 898 3733 1089 3818; x_wconf 83' lang='lat' dir='ltr'>Dicaeopolis</span> <span class='ocrx_word' id='word_1_175' title='bbox 1114 3735 1154 3817; x_wconf 86' lang='lat' dir='ltr'>(v.</span> <span class='ocrx_word' id='word_1_176' title='bbox 1184 3735 1297 3814; x_wconf 64' lang='lat' dir='ltr'>maj:</span> 
     </span>
    </p>
   </div>
   <div class='ocr_carea' id='block_1_9' title="bbox 578 3893 1129 4096">
    <p class='ocr_par' dir='ltr' id='par_1_9' title="bbox 578 3893 1129 4096">
     <span class='ocr_line' id='line_1_27' title="bbox 580 3893 1064 3975; baseline 0.002 -18"><span class='ocrx_word' id='word_1_177' title='bbox 580 3898 614 3966; x_wconf 58' lang='lat' dir='ltr'>aa</span> <span class='ocrx_word' id='word_1_178' title='bbox 647 3893 792 3972; x_wconf 70' lang='grc' dir='ltr'><em>ἀνομοίαν</em></span> <span class='ocrx_word' id='word_1_179' title='bbox 820 3894 963 3975; x_wconf 73' lang='grc' dir='ltr'>ἔρχεσθον</span> <span class='ocrx_word' id='word_1_180' title='bbox 990 3897 1064 3960; x_wconf 74' lang='grc' dir='ltr'><em>ὁδόν·</em></span> 
     </span>
     <span class='ocr_line' id='line_1_28' title="bbox 578 4015 1129 4096; baseline -0.002 -18"><span class='ocrx_word' id='word_1_181' title='bbox 578 4019 618 4094; x_wconf 76' lang='grc' dir='ltr'>σῷ</span> <span class='ocrx_word' id='word_1_182' title='bbox 645 4016 701 4092; x_wconf 82' lang='grc' dir='ltr'>μὲν</span> <span class='ocrx_word' id='word_1_183' title='bbox 731 4015 827 4078; x_wconf 79' lang='grc' dir='ltr'><em>σίνενν</em></span> <span class='ocrx_word' id='word_1_184' title='bbox 855 4017 1129 4096; x_wconf 63' lang='grc' dir='ltr'><em>στεφανωσαμένῳ</em></span> 
     </span>
    </p>
   </div>
   <div class='ocr_carea' id='block_1_10' title="bbox 578 4135 1138 4215">
    <p class='ocr_par' dir='ltr' id='par_1_10' title="bbox 578 4135 1138 4215">
     <span class='ocr_line' id='line_1_29' title="bbox 578 4135 1138 4215; baseline 0 -18"><span class='ocrx_word' id='word_1_185' title='bbox 578 4135 676 4213; x_wconf 50' lang='lat' dir='ltr'>oei&amp;</span> <span class='ocrx_word' id='word_1_186' title='bbox 702 4136 792 4214; x_wconf 74' lang='grc' dir='ltr'><em>μνῶν</em></span> <span class='ocrx_word' id='word_1_187' title='bbox 817 4136 869 4200; x_wconf 72' lang='grc' dir='ltr'>καὶ</span> <span class='ocrx_word' id='word_1_188' title='bbox 895 4136 1138 4215; x_wconf 73' lang='grc' dir='ltr'><em>σροφνλασσενν.</em></span> 
     </span>
    </p>
   </div>
   <div class='ocr_carea' id='block_1_11' title="bbox 0 0 1692 5232">
    <p class='ocr_par' dir='ltr' id='par_1_11' title="bbox 0 0 1692 5232">
     <span class='ocr_line' id='line_1_30' title="bbox 0 0 1692 5232; baseline 0 3"><span class='ocrx_word' id='word_1_189' title='bbox 0 0 1692 5232; x_wconf 95' lang='lat' dir='ltr'> </span> 
     </span>
    </p>
   </div>
  </div>
 </body>
</html>
