3374 5232
815 486 832 545 s
873 441 875 446 .

318 691 350 752 in
368 688 482 777 Puyce‚
506 691 559 757 sed
576 694 608 757 in
625 715 727 774 scena,
748 717 808 779 quo
823 701 956 780 tempore
975 692 1111 758 Athenas
1134 707 1328 772 summapro-

319 808 428 872 cacitas
455 814 486 875 et
512 811 679 897 petulantia
708 813 901 894 incedebant,
936 812 1074 879 omnibus
1103 832 1178 894 quae
1207 810 1331 893 tangat,

318 933 435 994 tantum
468 929 577 1016 leporis
604 937 635 996 et
664 933 820 1018 paroediae
848 932 993 1012 offundit,
1025 937 1059 996 ut
1089 925 1260 1017 perdifficile
1290 923 1332 988 sit

319 1048 481 1134 expiscari,
511 1073 588 1137 quae
617 1073 719 1118 revera
745 1051 810 1118 eius
836 1053 984 1118 sententia
1005 1050 1108 1118 fuerit.
1152 1046 1266 1114 Procul
1288 1052 1333 1109 ta·

319 1189 387 1232 men
410 1168 517 1251 dubio,
541 1171 616 1256 quin
642 1171 706 1237 eius
728 1173 886 1259 temporis,
913 1195 974 1259 quo
997 1173 1104 1258 ingens
1125 1169 1199 1236 belli
1221 1165 1333 1234 malum

319 1285 421 1351 urbem
444 1287 620 1370 incesserat,
644 1313 813 1384 expressam
844 1299 880 1358 ut
907 1292 951 1360 ita
979 1291 1077 1382 dicam
1105 1287 1268 1376 imaginem
1290 1284 1335 1349 in·

319 1404 473 1473 veniamus
502 1407 535 1473 iu
557 1403 768 1497 Aristophanis
791 1405 918 1491 fabulis,
950 1408 1004 1476 ubi
1027 1432 1080 1498 per
1105 1410 1188 1474 iocos
1210 1412 1242 1473 et
1263 1427 1335 1472 con·

320 1523 398 1590 vicia
423 1526 538 1592 dilucet
564 1527 696 1594 sincerus
727 1533 846 1595 animus
877 1531 953 1611 viri,
985 1529 1039 1615 qni
1067 1529 1183 1594 tristem
1213 1549 1251 1592 ex
1280 1545 1335 1589 sua

320 1642 461 1729 opinione
479 1647 659 1733 reipublicae
678 1650 883 1716 condicionem
903 1650 1017 1730 doleat,
1039 1655 1070 1715 et
1086 1649 1118 1714 in
1130 1647 1204 1713 vitia
1222 1643 1337 1711 civium

321 1762 485 1847 pemicicsa
511 1765 556 1831 ita
585 1766 762 1849 invehatur,
794 1776 828 1836 ut
856 1769 921 1836 fieri
942 1792 1004 1836 nou
1025 1767 1123 1860 possit
1145 1766 1219 1852 quin
1242 1761 1338 1829 admi·
1402 1755 1404 1762 ’

320 1903 420 1948 remur
452 1891 589 1969 poetam,
626 1889 696 1973 qui,
737 1889 865 1974 flagrans
898 1911 998 1960 amore
1034 1887 1149 1975 patriae
1183 1883 1285 1950 inania
1307 1886 1339 1947 et
1376 1978 1379 1984 Ι

244 2057 249 2068 ,
320 1999 415 2079 ula,
455 2025 534 2087 quac
567 2027 584 2068 a
617 2005 715 2072 salute
748 2007 930 2094 reipublicae
963 2008 1162 2087 abhorrent,.
1189 2005 1340 2071 detestans

321 2115 443 2203 ingenio
473 2141 530 2184 suo
558 2129 662 2188 utatur
690 2133 726 2191 ut
752 2127 868 2192 civium
894 2147 1017 2194 suorum
1047 2125 1152 2192 oculos
1173 2122 1288 2211 aperiat
1310 2126 1341 2185 et

322 2245 410 2321 cogat
436 2262 470 2304 ee
493 2240 608 2340 uidere,
641 2267 717 2329 quae
742 2247 959 2332 rempublicam
982 2248 1016 2312 in
1041 2243 1204 2332 perniciem
1227 2239 1339 2328 praeci·

320 2359 429 2439 pitent.
