3374 5232
842 424 881 485 76

351 643 436 700 erant
458 637 621 702 utilissimo
643 637 681 702 ad
706 635 822 723 plebem
846 637 1084 723 superstitiosam
1103 637 1312 706 moderandam
1326 639 1372 702 uti

351 755 453 822 vellet.
481 755 546 821 Iam
570 756 601 820 in
627 743 832 842 „Equitibus”
859 779 892 820 ea
910 755 1102 841 parcediatur
1117 764 1207 843 poeta
1225 763 1255 822 et
1278 759 1372 824 incre·

352 881 404 960 pat
438 881 472 938 ut
503 875 758 962 opportunissima
781 875 871 956 viris,
895 876 949 960 qui
972 876 1119 961 populum
1141 875 1222 942 falsis
1245 878 1371 963 promis·

224 1039 231 1054 .
268 979 270 982 ⁵
350 995 391 1058 sis
432 995 519 1078 quasi
561 995 673 1060 divinis
714 994 851 1080 decipere
893 994 996 1060 velint.
1048 995 1135 1076 Quae
1176 1006 1211 1059 ut
1253 997 1368 1061 solenni

352 1113 439 1178 modo
467 1114 580 1200 populo
611 1113 838 1192 nuntiarentur,
870 1121 953 1178 vates
978 1114 1242 1200 (χρησμολόγους)
1266 1118 1371 1203 magni

349 1233 496 1297 momenti
519 1233 612 1298 luisse
635 1232 809 1318 demagogis
832 1231 997 1296 verisimile
1021 1240 1076 1298 est.
1113 1233 1269 1298 Eiusmodi
1288 1234 1369 1298 enim

350 1353 501 1431 virorum,
533 1352 595 1416 sive
622 1352 738 1416 sincero
766 1352 884 1432 animo,
909 1352 973 1416 sive
996 1375 1013 1416 a
1037 1352 1209 1438 demagogis
1234 1353 1368 1418 mercede

350 1471 502 1536 conducti·
515 1493 584 1535 cum
605 1470 673 1535 dolo
696 1470 773 1534 malo
801 1471 932 1535 carmine
955 1479 1095 1536 canerent
1117 1494 1256 1558 magnam
1275 1472 1368 1537 fuisse

350 1591 559 1656 auctoritatem
585 1591 687 1677 arguit
708 1591 799 1654 huius
817 1591 961 1676 temporis
980 1591 1155 1676 superstitio
1168 1592 1255 1657 cuius
1268 1593 1367 1678 ipsum

350 1713 472 1778 Niciam
496 1711 597 1775 virum
620 1710 797 1774 nobiliorem
813 1718 844 1774 et
860 1711 965 1802 ducem
977 1711 1179 1796 praeclarum,
1196 1712 1365 1796 exemplum

351 1833 496 1897 habemus
521 1829 610 1916 (Plat.
634 1830 706 1896 Nic.
730 1831 785 1895 vit.
810 1832 875 1914 23).
913 1830 1102 1915 Thucydides
1118 1853 1238 1916 quoque
1250 1840 1365 1912 narrat,

351 1961 454 2018 vatum
478 1973 637 2034 numerum
661 1972 804 2036 magnum
827 1950 935 2028 fuisse,
960 1949 1064 2014 divina
1087 1950 1223 2015 debello
1247 1952 1366 2016 oraculo

350 2072 524 2138 canentium
550 2071 656 2154 (Thur.
681 2069 732 2150 Il,
757 2072 788 2136 8.
812 2070 863 2132 acl
889 2069 996 2134 πολλοὶ
1020 2070 1076 2146 μὲν
1091 2069 1187 2146 λόγιον
1202 2071 1366 2146 ἐλέγοντο,

349 2192 454 2255 πολλοὶ
483 2193 513 2256 δὲ
546 2189 760 2270 χρησμολόγοι
795 2186 860 2270 ᾖδον
892 2188 921 2252 ἔν
950 2213 984 2253 τε
1011 2198 1073 2260 τοῖς
1097 2189 1247 2267 μέλλουσι
1276 2207 1369 2256 πολε-

348 2313 458 2388 μήσειν
489 2312 541 2374 nal
569 2313 694 2382 ἔνο-οῖς
720 2307 836 2380 ἄλλοις
864 2307 990 2372 πόλεσιν
1011 2317 1041 2374 ct
1064 2308 1114 2389 II,
1140 2311 1192 2372 21.
1228 2311 1370 2392 χρησμό-

349 2432 437 2510 λνγοί
467 2457 502 2496 τε
539 2429 605 2512 ᾖδον
635 2432 794 2508 χρησμοὺς
829 2430 1011 2500 cursolone,
1055 2425 1092 2490 ὧν
1129 2431 1296 2510 inpudenter
1331 2434 1367 2502 ὡς

350 2548 481 2623 ἕκαστος
505 2551 647 2634 ὤργντο.)

392 2667 470 2736 Mox
498 2682 597 2736 tamen
621 2671 766 2757 populum
792 2670 1022 2734 Atheniensium
1046 2671 1197 2754 poenituit
1219 2670 1368 2750 levitatis,

354 2814 414 2876 qua
444 2790 565 2856 vatibus
596 2797 626 2853 et
655 2788 824 2854 oratoribus
858 2789 946 2852 fidem
976 2788 1166 2866 habuissent,
1201 2812 1269 2853 curn
1300 2801 1370 2874 post

351 2911 464 2974 cladem
489 2910 521 2973 in
544 2908 646 2972 Sicilia
669 2931 701 2972 se
724 2908 853 2993 turpiter
876 2907 1033 2993 deceptum
1056 2909 1193 2988 haberet,
1219 2917 1367 2974 ettotam

351 3031 468 3117 culpam
493 3029 645 3114 delegaret
668 3029 699 3090 in
724 3050 791 3108 eos,
817 3027 869 3110 qui
894 3050 948 3091 sua
967 3028 1143 3092 credulitate
1161 3037 1257 3093 essent
1274 3029 1369 3094 abusi.

351 3150 399 3213 De
420 3141 478 3233 qua
497 3171 528 3212 re
550 3147 662 3233 legitur
685 3147 765 3232 apud
788 3146 882 3210 Thuo.
908 3145 1007 3225 VIII,
1033 3151 1066 3210 l:
1092 3147 1309 3228 Athenienses,
1334 3149 1370 3213 de

351 3269 433 3333 clade
461 3267 602 3332 certiores
626 3267 697 3330 fact'
725 3268 771 3350 (ut
794 3266 889 3352 ipsius
913 3265 1001 3330 verba
1027 3266 1205 3352 describam)
1229 3269 1367 3346 χνλοποῖ

350 3389 407 3465 μὲν
444 3381 521 3458 duur
558 3394 620 3456 τοῖς
660 3386 941 3465 ξνμπροθνμνθεῖον
974 3391 1032 3449 τῶν
1067 3387 1193 3465 ῥητόρων
1234 3389 1283 3450 τὸν
1320 3387 1368 3450 ἒν·

351 3523 462 3580 πλονν,
488 3503 586 3586 ὥσπερ
616 3509 669 3570 οὐκ
700 3505 785 3570 αὐτοὶ
813 3505 1047 3586 ψηφισάμενον,
1074 3507 1232 3586 ὠργίζοντο
1261 3509 1291 3570 δὲ
1317 3508 1367 3570 aul

350 3637 413 3701 τοῖς
452 3625 684 3710 χρησμολόγος
718 3650 754 3690 τε
796 3626 849 3690 aul
890 3624 1023 3703 μνὶννεσο
1068 3627 1119 3688 aul
1156 3625 1257 3690 ὁπόσον
1298 3627 1369 3691 τότε

352 3750 463 3819 adroic
501 3745 678 3817 θενοὶοοοντες
716 3747 916 3822 salterrae,
954 3748 990 3817 ὡς
1022 3748 1177 3825 λήψονται
1208 3748 1368 3813 Σοκελίονν.

352 3869 474 3955 Optime
508 3867 629 3931 videbat
667 3866 882 3952 Aristophanes
921 3867 1105 3952 periculum,
1145 3868 1228 3952 quod
1263 3891 1299 3932 ex
1323 3869 1370 3933 his

336 4011 471 4074 ,quoque
506 3987 577 4050 viris
611 3987 782 4051 immineret
815 3985 998 4072 reipublicae
1030 3990 1101 4072 qui,
1133 3990 1219 4074 quasi
1245 3991 1369 4055 numine

352 4109 448 4185 allati,
478 4105 662 4192 plebeculam
694 4105 847 4190 stupidam
875 4105 1019 4172 haberent
1049 4114 1170 4195 gratum
1201 4109 1367 4174 auditorem
