3374 5232
813 415 854 474 40

329 625 587 704 Acharrrensibus,
624 649 711 710 aegre
740 627 884 703 ferentem,
919 627 999 710 quod
1033 627 1162 712 populus
1193 628 1341 712 patiatur,

328 765 377 822 eos
408 744 462 830 qui
488 765 542 828 pro
571 744 683 830 patriae
707 744 803 808 salute
825 743 944 809 fortiter
966 743 1137 809 dimicarint
1162 747 1202 829 (v.
1227 747 1302 829 674)
1327 767 1344 808 a

325 860 493 927 iunioribus
514 861 638 947 impune
664 862 791 928 derideri
816 869 846 928 et
870 863 1023 928 contemni
1046 864 1078 926 in
1101 863 1232 929 iudiciis.

446 1074 503 1138 ὑπὸ
527 1074 689 1139 νεανίσκων
715 1076 788 1140 ε’ἄτε
815 1067 1059 1152 καταγελᾶσθαι
1084 1075 1219 1156 ῥητόρων.

370 1283 399 1346 A
427 1283 547 1368 garrula
572 1284 731 1356 iuventute
754 1285 828 1350 adeo
851 1292 998 1370 urgentur
1021 1308 1122 1366 senes,
1147 1291 1183 1350 ut
1206 1307 1285 1351 unns
1308 1309 1345 1350 ex

328 1400 366 1466 iis
388 1409 502 1468 moesto
526 1425 575 1468 ore
599 1404 761 1469 exclamet:

373 1608 407 1677 οὗ
429 1616 464 1691 μ’
476 1615 569 1694 ἐχρῆν
593 1615 676 1694 σορὸν
699 1615 862 1694 πρίασθαι,
888 1618 972 1679 τοῦτ’
986 1616 1089 1694 ὀφλὼν
1113 1616 1305 1695 ἀπέρχομαι.

374 1826 437 1906 Qui
472 1826 597 1891 antehac
622 1827 723 1892 hostes
746 1829 880 1914 fugarint
903 1828 939 1892 ad
963 1827 1188 1906 Marathonem,
1213 1826 1348 1911 queritur

329 1944 438 2010 chorus
445 1996 454 2026 ,
486 1968 567 2010 nnnc
596 1946 655 2031 ipsi
682 1947 724 2010 rei
749 1946 872 2033 fugiunt
893 1947 925 2010 in
958 1947 1080 2011 iudiciis
1105 1949 1193 2031 (696)
1217 1948 1348 2011 accusati

331 2065 522 2151 aMarpsia,
546 2064 765 2151 Cephisodomo
788 2073 819 2130 et
842 2066 976 2131 Oleiniae
999 2066 1062 2130 filio
1081 2088 1177 2131 novae
1197 2067 1349 2131 doctrinae

332 2183 532 2270 sophistarum
557 2207 677 2270 operam
701 2185 823 2268 danteS,
842 2191 1026 2250 senectutem
1045 2193 1075 2249 et
1098 2184 1241 2248 virtutem
1264 2185 1350 2249 belli·

334 2325 399 2368 cam
420 2303 480 2367 iam
498 2326 560 2368 non
580 2310 756 2370 reverentes.
802 2306 913 2370 Nonne
935 2303 1140 2391 Thucydides,
1173 2303 1351 2368 venerabilis

332 2424 384 2488 ille
412 2446 519 2504 senex,
550 2447 659 2510 magno
691 2448 758 2489 eum
786 2432 888 2518 nostro
919 2424 1021 2489 dolore
1051 2422 1222 2507 aquodam
1244 2421 1351 2507 Cephi-

337 2543 460 2609 sodomo
504 2543 612 2630 (artace
662 2544 842 2625 ξυνήγορος,
889 2545 1024 2630 garrulus
1066 2543 1247 2627 causidicus)
1285 2563 1352 2606 reus

336 2664 434 2727 factus
454 2663 669 2729 condemnatus
689 2665 754 2729 est?
785 2663 877 2744 Quod
899 2663 1033 2750 profecto
1055 2685 1116 2729 non
1140 2663 1253 2727 lactum
1276 2668 1353 2728 esset

338 2804 431 2866 quum
454 2782 552 2847 adhuc
581 2784 774 2870 optimatium
798 2783 860 2848 dux
882 2784 992 2849 Pericli
1015 2783 1231 2848 adversaretur.

384 2899 513 2988 (Notum
536 2908 581 2966 est
604 2926 620 2966 e
644 2904 707 2967 vita
733 2903 856 2968 Periclis
880 2902 961 2988 apud
983 2903 1064 2967 Plut.
1089 2902 1295 2988 Thucydidem
1320 2915 1351 2966 a⁰

339 3021 404 3085 444
434 3011 609 3086 ostracismo
641 3023 672 3087 in
703 3023 843 3090 exsilium
873 3045 935 3086 esse
964 3023 1103 3101 missum,
1136 3022 1216 3086 unde
1251 3027 1355 3106 postea

340 3145 496 3211 revocatus
530 3147 648 3226 praetor
677 3149 740 3206 erat
771 3143 803 3206 in
832 3142 908 3207 bello
939 3142 1050 3206 Samio.
1095 3141 1223 3205 Videtur
1246 3141 1355 3204 iterum

342 3258 570 3324 condemnatum
605 3258 681 3342 esse,
717 3263 754 3326 ad
783 3263 865 3346 quod
895 3239 1032 3347 spectant
1066 3283 1099 3325 ea
1130 3281 1249 3345 quoque
1280 3281 1357 3343 quae

342 3378 485 3464 leguntur
507 3378 589 3465 Vesp
613 3383 674 3444 946
701 3381 767 3466 (cfr.
790 3381 887 3446 Sehol.
911 3380 949 3445 ad
971 3381 1007 3465 l.)¹

389 3499 523 3584 Apparet
539 3505 659 3584 poetam
678 3499 728 3565 hic
747 3507 870 3587 tangere
892 3501 998 3587 populi
1021 3500 1258 3564 iurisdictionem
1282 3519 1358 3582 quae

345 3617 472 3698 laceret,
497 3625 532 3683 ut
551 3622 683 3706 optimus
695 3622 821 3707 quisque
834 3621 1089 3698 condemnaretur,
1106 3618 1359 3682 insolentissimus

346 3737 473 3822 quisque
496 3744 527 3803 et
549 3739 674 3804 callidus
697 3742 819 3827 impune
839 3741 974 3806 saeviret.
1021 3740 1101 3804 Nam
1119 3761 1214 3822 quum
1231 3738 1360 3824 populus

348 3857 483 3922 mercede
506 3866 536 3923 et
557 3859 673 3924 invidia
698 3861 868 3925 stimulatus
898 3860 945 3924 ius
977 3859 1090 3924 diceret
1111 3858 1170 3922 iam
1194 3858 1274 3922 nulla
1298 3863 1361 3922 erat
1417 3839 1418 3844 ἵ

309 4065 311 4070 ,
350 3977 490 4043 securitas
510 3985 540 4044 et
559 3979 704 4044 auxilium
718 3981 770 4060 iis,
791 4002 866 4065 quos
883 3979 1055 4064 demagogis
1073 3976 1226 4041 iudicibus
1246 3975 1361 4040 tradere

348 4097 478 4182 placeret
501 4105 531 4162 et
555 4100 766 4185 sycophantae,
792 4121 920 4183 quornm
945 4098 1154 4164 auctoritatem
1174 4095 1258 4182 plebs
1276 4094 1362 4178 sequi
