3374 5232
882 407 921 468 68

403 646 407 658 ·
439 618 550 702 Neque
586 586 803 704 sycophantas,
845 618 924 683 unde
969 619 1081 683 bellum
1118 619 1241 684 initium
1281 619 1423 703 ceperit,

394 758 492 820 neque
524 736 705 816 Lamachus,
747 739 801 821 qui
837 713 994 823 populum!
1019 739 1102 802 insui
1139 739 1339 804 ostentatione
1371 739 1409 802 ad

393 877 527 941 pugnam
557 863 589 920 et
617 855 719 921 odium
749 863 853 920 contra
884 857 985 921 hostes
1008 857 1187 937 accendant,
1217 858 1304 923 bonis
1327 857 1409 944 pacis

392 975 453 1040 frui
492 976 565 1039 sinit
602 975 807 1060 Dicaeopolis;
849 998 918 1042 mcx
951 984 1050 1042 tamen
1085 978 1231 1042 eiusmodi
1269 979 1406 1042 homines

391 1093 540 1158 stultitiae
569 1115 639 1158 suae
668 1093 837 1179 poenitere,
865 1094 1047 1180 lepidissime
1071 1096 1108 1160 ob
1132 1097 1236 1160 oculos
1260 1104 1406 1183 spectato·

389 1234 457 1276 rum
487 1214 575 1298 ponit
604 1221 697 1299 poeta.
723 1213 756 1277 in
786 1213 902 1278 fabulae
935 1215 1012 1294 fine,
1042 1201 1151 1300 nempe
1172 1215 1216 1279 ibi
1238 1213 1406 1280 Lamachus

316 1331 324 1340 '
389 1333 482 1397 festos
522 1333 652 1418 aliasque
687 1333 857 1418 voluptates
890 1355 962 1418 pace
996 1339 1077 1398 ortas
1112 1335 1300 1419 conspicatus
1334 1358 1404 1400 cum

387 1452 452 1537 ipse
494 1451 614 1520 iubetur
653 1453 752 1538 copias
787 1451 911 1516 educere
946 1459 1048 1517 contra
1089 1454 1235 1532 latrones,
1278 1455 1402 1520 militari

386 1572 554 1657 arrogantia
583 1579 614 1635 et
642 1571 763 1636 virtutis
790 1571 954 1635 iactatione
981 1573 1117 1652 omissis,
1143 1545 1330 1640 vehementer
1351 1576 1403 1638 iis-

384 1674 452 1756 dem
478 1691 540 1756 frui
565 1691 663 1778 cupit.
743 1709 745 1714 ·

428 1811 523 1875 Poeta
545 1809 748 1894 intelligebat,
771 1809 981 1874 huiuscemodi
1005 1812 1084 1875 vinos
1114 1813 1225 1897 pariter
1250 1836 1313 1878 esse
1341 1837 1401 1878 me·

383 1931 511 1994 tuendos
538 1952 572 1994 ac
602 1929 792 2014 demagogos.
839 1929 944 1993 Nimia
971 1931 1115 1995 Lamachi
1143 1932 1281 2012 andacia,
1312 1957 1400 2018 quem

382 2055 413 2112 et
440 2055 530 2136 poeta
561 2049 634 2113 alias
664 2048 768 2112 laudat
791 2055 821 2112 et
844 2049 970 2113 historia
993 2051 1156 2116 honorifice
1180 2065 1339 2132 memorat,
1365 2062 1400 2118 ut
1428 2053 1435 2070 “

381 2169 414 2232 in
436 2168 548 2254 pugnis
570 2168 650 2233 haud
673 2167 855 2253 spernenda,
879 2169 959 2232 domi
982 2176 1044 2234 erat
1067 2172 1285 2238 molestissima.
1312 2173 1400 2259 (Ocn-

381 2288 502 2353 fcrenda
525 2294 610 2369 sunt,
631 2310 707 2372 qnae
729 2288 823 2354 Thac.
849 2288 913 2373 (lib.
939 2290 1002 2369 VI,
1026 2293 1083 2370 47,
1108 2295 1167 2372 48,
1191 2296 1245 2377 49)
1265 2293 1340 2358 dicit
1363 2295 1399 2360 de

380 2407 507 2486 Niciae,
536 2407 703 2472 Alcibiadis
727 2414 757 2472 et
779 2408 920 2472 Lamachi
944 2408 1071 2473 diversis
1094 2414 1252 2478 sententiis
1275 2420 1305 2477 et
1326 2413 1397 2479 Plu·

379 2527 501 2592 tarchus
526 2527 559 2592 in
584 2527 657 2592 Nic.
680 2527 743 2590 vita
764 2526 838 2614 Cap.
864 2531 956 2613 121).
1013 2586 1015 2590 .

423 2646 545 2710 Multos
572 2653 688 2733 praeter
715 2631 899 2712 Lamachum
928 2649 1022 2712 fuisse
1056 2650 1190 2715 iuniores
1213 2653 1265 2736 qui
1288 2652 1397 2718 bellum

381 2774 524 2853 cuperent
547 2790 709 2852 cognoscas
738 2766 861 2832 eThuc
893 2767 948 2852 (Il.
973 2771 1005 2853 8)
1037 2768 1108 2832 τότε
1143 2768 1173 2833 δὲ
1206 2773 1258 2835 aa}
1294 2773 1396 2848 ιεότιις
1491 2771 1494 2775 ’

380 2888 482 2958 πολλὴ
528 2888 584 2964 μὲν
623 2883 699 2952 adca
737 2889 766 2949 ἐν
801 2896 839 2968 τῇ
878 2891 1116 2970 Πελοποννήσῳ,
1161 2894 1262 2966 πολλὴ
1313 2895 1340 2957 δ”
1367 2896 1396 2957 ἐν

380 3016 450 3078 ταῖς
487 3007 629 3081 'Atinate
667 3010 720 3071 οὐκ
748 3008 896 3088 ιΞκιυσιίις
934 3009 985 3072 ὑπ’
1015 3009 1157 3090 dissipiat
1194 3010 1309 3088 ἥπτετο
1343 3023 1395 3080 τοῦ

380 3128 528 3208 πολέμου.
616 3109 620 3115 .

424 3249 497 3314 Erat
522 3249 602 3312 enim
626 3241 690 3326 via',
715 3271 773 3332 qua
796 3248 922 3333 gloriam
946 3257 975 3313 et
998 3251 1142 3318 honorem
1166 3255 1223 3320 sibi
1245 3279 1395 3344 compara-

379 3374 461 3444 rent,
483 3389 616 3432 necnon
637 3374 795 3452 quaestum
814 3366 954 3432 lacerent.
979 3369 1078 3450 Quare
1098 3393 1160 3437 non
1179 3375 1402 3458 dubitandum,

379 3487 473 3572 quin,
502 3509 571 3574 prae
595 3487 665 3552 belli
688 3509 787 3551 amone
810 3488 944 3552 civitatis
967 3490 1043 3554 mala
1065 3513 1125 3556 non
1148 3494 1303 3576 videntes,
1327 3499 1394 3583 paci

379 3609 532 3674 offecerint
565 3615 596 3672 et
623 3609 728 3694 populi
761 3616 876 3696 partem
911 3612 1062 3696 stupidam
1097 3637 1151 3678 sao
1186 3619 1320 3705 exemplo
1357 3621 1394 3684 ad

379 3729 488 3812 bellum
511 3734 541 3792 et
564 3721 723 3794 odinm'in
750 3730 851 3794 hostes
874 3732 1063 3798 concitarint.

386 3949 589 3958 .-------....

412 4092 431 4154 Ι)
450 4092 479 4141 Iu
496 4092 546 4141 vita
563 4093 641 4144 Aleia.
659 4107 708 4158 cap.
727 4096 766 4147 21.
783 4093 798 4144 ὁ
815 4097 866 4163 γὰρ
885 4097 1015 4165 Λάμαχος
1033 4089 1065 4166 ἦν
1084 4102 1236 4165 πολεμικὸς.
