<?xml version="1.0" encoding="UTF-8"?>
<!DOCTYPE html PUBLIC "-//W3C//DTD XHTML 1.0 Transitional//EN"
    "http://www.w3.org/TR/xhtml1/DTD/xhtml1-transitional.dtd">
<html xmlns="http://www.w3.org/1999/xhtml" xml:lang="en" lang="en">
 <head>
  <title>
</title>
<meta http-equiv="Content-Type" content="text/html;charset=utf-8" />
  <meta name='ocr-system' content='tesseract 3.04.00' />
  <meta name='ocr-capabilities' content='ocr_page ocr_carea ocr_par ocr_line ocrx_word'/>
</head>
<body>
  <div class='ocr_page' id='page_1' title='image "./inaristophanisd00frangoog_0056.png"; bbox 0 0 3374 5232; ppageno 0'>
   <div class='ocr_carea' id='block_1_1' title="bbox 793 457 834 516">
    <p class='ocr_par' dir='ltr' id='par_1_1' title="bbox 793 457 834 516">
     <span class='ocr_line' id='line_1_1' title="bbox 793 457 834 516; baseline 0.024 -1"><span class='ocrx_word' id='word_1_1' title='bbox 793 457 834 516; x_wconf 76' lang='lat'><strong>43</strong></span> 
     </span>
    </p>
   </div>
   <div class='ocr_carea' id='block_1_2' title="bbox 305 663 1331 1118">
    <p class='ocr_par' dir='ltr' id='par_1_2' title="bbox 305 663 1331 1118">
     <span class='ocr_line' id='line_1_2' title="bbox 305 663 1329 760; baseline -0.001 -22"><span class='ocrx_word' id='word_1_2' title='bbox 305 677 421 760; x_wconf 81' lang='lat' dir='ltr'><strong>frugem</strong></span> <span class='ocrx_word' id='word_1_3' title='bbox 450 663 620 738; x_wconf 86' lang='lat' dir='ltr'><strong>revocando</strong></span> <span class='ocrx_word' id='word_1_4' title='bbox 652 670 889 756; x_wconf 84' lang='lat' dir='ltr'><strong>aturpissimus</strong></span> <span class='ocrx_word' id='word_1_5' title='bbox 912 670 1040 750; x_wconf 81' lang='lat' dir='ltr'><strong>studiis,</strong></span> <span class='ocrx_word' id='word_1_6' title='bbox 1075 670 1187 754; x_wconf 85' lang='lat' dir='ltr'><strong>qdibus</strong></span> <span class='ocrx_word' id='word_1_7' title='bbox 1209 671 1329 737; x_wconf 73' lang='lat' dir='ltr'><strong>deditus</strong></span> 
     </span>
     <span class='ocr_line' id='line_1_3' title="bbox 305 788 1329 875; baseline -0.002 -18"><span class='ocrx_word' id='word_1_8' title='bbox 305 791 523 859; x_wconf 80' lang='lat' dir='ltr'><strong>veteratoribus</strong></span> <span class='ocrx_word' id='word_1_9' title='bbox 546 790 738 875; x_wconf 78' lang='lat' dir='ltr'><strong>obsequatur.</strong></span> <span class='ocrx_word' id='word_1_10' title='bbox 785 788 934 854; x_wconf 90' lang='lat' dir='ltr'><strong>Honestis</strong></span> <span class='ocrx_word' id='word_1_11' title='bbox 957 795 988 854; x_wconf 92' lang='lat' dir='ltr'><strong>te</strong></span> <span class='ocrx_word' id='word_1_12' title='bbox 1010 789 1097 854; x_wconf 80' lang='lat' dir='ltr'><strong>crede</strong></span> <span class='ocrx_word' id='word_1_13' title='bbox 1114 789 1249 872; x_wconf 71' lang='lat' dir='ltr'><strong>sitibus,</strong></span> <span class='ocrx_word' id='word_1_14' title='bbox 1270 791 1329 873; x_wconf 85' lang='lat' dir='ltr'><strong>alt,</strong></span> 
     </span>
     <span class='ocr_line' id='line_1_4' title="bbox 305 909 1331 1000; baseline -0.002 -22"><span class='ocrx_word' id='word_1_15' title='bbox 305 913 387 1000; x_wconf 92' lang='lat' dir='ltr'><strong>qnod</strong></span> <span class='ocrx_word' id='word_1_16' title='bbox 412 913 438 976; x_wconf 90' lang='lat' dir='ltr'><strong>si</strong></span> <span class='ocrx_word' id='word_1_17' title='bbox 461 912 554 978; x_wconf 87' lang='lat' dir='ltr'><strong>facias</strong></span> <span class='ocrx_word' id='word_1_18' title='bbox 560 962 570 993; x_wconf 92' lang='lat'><em>,</em></span> <span class='ocrx_word' id='word_1_19' title='bbox 595 912 712 976; x_wconf 87' lang='lat' dir='ltr'><strong>fructus</strong></span> <span class='ocrx_word' id='word_1_20' title='bbox 736 932 852 996; x_wconf 88' lang='lat' dir='ltr'><strong>carpes,</strong></span> <span class='ocrx_word' id='word_1_21' title='bbox 876 909 957 975; x_wconf 92' lang='lat' dir='ltr'><strong>unde</strong></span> <span class='ocrx_word' id='word_1_22' title='bbox 984 931 1066 974; x_wconf 90' lang='lat' dir='ltr'><strong>nunc</strong></span> <span class='ocrx_word' id='word_1_23' title='bbox 1088 909 1135 975; x_wconf 89' lang='lat' dir='ltr'><strong>tui</strong></span> <span class='ocrx_word' id='word_1_24' title='bbox 1158 910 1250 976; x_wconf 85' lang='lat' dir='ltr'><strong>duces</strong></span> <span class='ocrx_word' id='word_1_25' title='bbox 1273 911 1331 976; x_wconf 89' lang='lat' dir='ltr'><strong>sibi</strong></span> 
     </span>
     <span class='ocr_line' id='line_1_5' title="bbox 307 1029 1330 1118; baseline -0.002 -20"><span class='ocrx_word' id='word_1_26' title='bbox 307 1039 465 1118; x_wconf 91' lang='lat' dir='ltr'><strong>quaestum</strong></span> <span class='ocrx_word' id='word_1_27' title='bbox 494 1031 631 1111; x_wconf 87' lang='lat' dir='ltr'><strong>faciunt,</strong></span> <span class='ocrx_word' id='word_1_28' title='bbox 662 1053 699 1094; x_wconf 82' lang='lat' dir='ltr'><strong>ex</strong></span> <span class='ocrx_word' id='word_1_29' title='bbox 729 1029 786 1110; x_wconf 88' lang='lat' dir='ltr'><strong>iis,</strong></span> <span class='ocrx_word' id='word_1_30' title='bbox 817 1051 894 1113; x_wconf 90' lang='lat' dir='ltr'><strong>qnae</strong></span> <span class='ocrx_word' id='word_1_31' title='bbox 925 1037 960 1095; x_wconf 90' lang='lat' dir='ltr'><strong>tn</strong></span> <span class='ocrx_word' id='word_1_32' title='bbox 992 1029 1141 1116; x_wconf 72' lang='grc' dir='ltr'><em>(ἐλαύνων</em></span> <span class='ocrx_word' id='word_1_33' title='bbox 1165 1031 1218 1095; x_wconf 75' lang='lat' dir='ltr'><strong>nal</strong></span> <span class='ocrx_word' id='word_1_34' title='bbox 1242 1032 1330 1114; x_wconf 78' lang='grc' dir='ltr'><em>πεζο-</em></span> 
     </span>
    </p>
   </div>
   <div class='ocr_carea' id='block_1_3' title="bbox 306 1149 1331 1239">
    <p class='ocr_par' dir='ltr' id='par_1_3' title="bbox 306 1149 1331 1239">
     <span class='ocr_line' id='line_1_6' title="bbox 306 1149 1331 1239; baseline 0.001 -23"><span class='ocrx_word' id='word_1_35' title='bbox 306 1154 420 1232; x_wconf 73' lang='grc' dir='ltr'><em>μαχῶν</em></span> <span class='ocrx_word' id='word_1_36' title='bbox 433 1151 487 1216; x_wconf 76' lang='lat' dir='ltr'><strong>aot</strong></span> <span class='ocrx_word' id='word_1_37' title='bbox 501 1152 679 1235; x_wconf 66' lang='grc' dir='ltr'><em>πολιορκῶν)</em></span> <span class='ocrx_word' id='word_1_38' title='bbox 704 1170 814 1234; x_wconf 86' lang='lat' dir='ltr'><strong>magno</strong></span> <span class='ocrx_word' id='word_1_39' title='bbox 838 1171 907 1214; x_wconf 90' lang='lat' dir='ltr'><strong>oum</strong></span> <span class='ocrx_word' id='word_1_40' title='bbox 931 1156 986 1214; x_wconf 90' lang='lat' dir='ltr'><strong>tuo</strong></span> <span class='ocrx_word' id='word_1_41' title='bbox 1008 1149 1110 1215; x_wconf 88' lang='lat' dir='ltr'><strong>labore</strong></span> <span class='ocrx_word' id='word_1_42' title='bbox 1133 1150 1190 1216; x_wconf 90' lang='lat' dir='ltr'><strong>tibi</strong></span> <span class='ocrx_word' id='word_1_43' title='bbox 1212 1174 1331 1239; x_wconf 88' lang='lat' dir='ltr'><strong>eompa-</strong></span> 
     </span>
    </p>
   </div>
   <div class='ocr_carea' id='block_1_4' title="bbox 306 1267 1334 2432">
    <p class='ocr_par' dir='ltr' id='par_1_4' title="bbox 306 1267 1334 2432">
     <span class='ocr_line' id='line_1_7' title="bbox 306 1267 1333 1358; baseline 0 -21"><span class='ocrx_word' id='word_1_44' title='bbox 306 1273 380 1338; x_wconf 86' lang='lat' dir='ltr'><strong>rasti</strong></span> <span class='ocrx_word' id='word_1_45' title='bbox 410 1294 445 1337; x_wconf 92' lang='lat' dir='ltr'><strong>eo</strong></span> <span class='ocrx_word' id='word_1_46' title='bbox 474 1279 625 1356; x_wconf 90' lang='lat' dir='ltr'><strong>tempore,</strong></span> <span class='ocrx_word' id='word_1_47' title='bbox 662 1291 758 1354; x_wconf 88' lang='lat' dir='ltr'><strong>quum</strong></span> <span class='ocrx_word' id='word_1_48' title='bbox 780 1267 959 1347; x_wconf 70' lang='grc' dir='ltr'><strong>ἀπράγμων</strong></span> <span class='ocrx_word' id='word_1_49' title='bbox 983 1269 996 1331; x_wconf 82' lang='grc' dir='ltr'><em>ὂ</em></span> <span class='ocrx_word' id='word_1_50' title='bbox 1025 1271 1119 1348; x_wconf 67' lang='grc' dir='ltr'><em>δῆμον</em></span> <span class='ocrx_word' id='word_1_51' title='bbox 1142 1271 1293 1358; x_wconf 91' lang='lat' dir='ltr'><strong>sapienter</strong></span> <span class='ocrx_word' id='word_1_52' title='bbox 1315 1294 1333 1337; x_wconf 92' lang='lat' dir='ltr'><strong>a</strong></span> 
     </span>
     <span class='ocr_line' id='line_1_8' title="bbox 306 1388 1332 1479; baseline -0.001 -21"><span class='ocrx_word' id='word_1_53' title='bbox 306 1392 461 1479; x_wconf 81' lang='lat' dir='ltr'><strong>republica</strong></span> <span class='ocrx_word' id='word_1_54' title='bbox 499 1396 530 1455; x_wconf 90' lang='lat' dir='ltr'><strong>et</strong></span> <span class='ocrx_word' id='word_1_55' title='bbox 563 1389 774 1456; x_wconf 88' lang='lat' dir='ltr'><strong>iurisdictione</strong></span> <span class='ocrx_word' id='word_1_56' title='bbox 818 1388 973 1455; x_wconf 79' lang='lat' dir='ltr'><strong>abstinens</strong></span> <span class='ocrx_word' id='word_1_57' title='bbox 1012 1391 1140 1476; x_wconf 84' lang='lat' dir='ltr'><strong>gloriam</strong></span> <span class='ocrx_word' id='word_1_58' title='bbox 1181 1397 1332 1458; x_wconf 78' lang='lat' dir='ltr'><strong>aeternam</strong></span> 
     </span>
     <span class='ocr_line' id='line_1_9' title="bbox 306 1508 1333 1598; baseline 0 -22"><span class='ocrx_word' id='word_1_59' title='bbox 306 1513 433 1598; x_wconf 89' lang='lat' dir='ltr'><strong>adeptus</strong></span> <span class='ocrx_word' id='word_1_60' title='bbox 461 1517 507 1575; x_wconf 88' lang='lat' dir='ltr'><strong>est</strong></span> <span class='ocrx_word' id='word_1_61' title='bbox 538 1509 570 1573; x_wconf 91' lang='lat' dir='ltr'><strong>in</strong></span> <span class='ocrx_word' id='word_1_62' title='bbox 600 1508 678 1573; x_wconf 92' lang='lat' dir='ltr'><strong>bello</strong></span> <span class='ocrx_word' id='word_1_63' title='bbox 709 1508 968 1594; x_wconf 87' lang='lat' dir='ltr'><strong>praeclarissimo,</strong></span> <span class='ocrx_word' id='word_1_64' title='bbox 997 1533 1094 1596; x_wconf 90' lang='lat' dir='ltr'><strong>neque</strong></span> <span class='ocrx_word' id='word_1_65' title='bbox 1125 1510 1239 1576; x_wconf 89' lang='lat' dir='ltr'><strong>aculeis</strong></span> <span class='ocrx_word' id='word_1_66' title='bbox 1270 1513 1333 1576; x_wconf 87' lang='lat' dir='ltr'><strong>suis</strong></span> 
     </span>
     <span class='ocr_line' id='line_1_10' title="bbox 308 1627 1332 1738; baseline 0.002 -44"><span class='ocrx_word' id='word_1_67' title='bbox 308 1633 355 1715; x_wconf 90' lang='lat' dir='ltr'><strong>(ut</strong></span> <span class='ocrx_word' id='word_1_68' title='bbox 388 1628 463 1693; x_wconf 88' lang='lat' dir='ltr'><strong>dicit</strong></span> <span class='ocrx_word' id='word_1_69' title='bbox 496 1628 664 1713; x_wconf 88' lang='lat' dir='ltr'><strong>Vesparnm</strong></span> <span class='ocrx_word' id='word_1_70' title='bbox 699 1627 820 1714; x_wconf 88' lang='lat' dir='ltr'><strong>chorus)</strong></span> <span class='ocrx_word' id='word_1_71' title='bbox 851 1629 1006 1709; x_wconf 88' lang='lat' dir='ltr'><strong>utebatur,</strong></span> <span class='ocrx_word' id='word_1_72' title='bbox 1038 1639 1073 1695; x_wconf 90' lang='lat' dir='ltr'><strong>ut</strong></span> <span class='ocrx_word' id='word_1_73' title='bbox 1101 1653 1167 1695; x_wconf 88' lang='lat' dir='ltr'><strong>reos</strong></span> <span class='ocrx_word' id='word_1_74' title='bbox 1191 1638 1332 1738; x_wconf 53' lang='lat' dir='ltr'><strong>vexaret,</strong></span> 
     </span>
     <span class='ocr_line' id='line_1_11' title="bbox 307 1749 1334 1817; baseline 0.001 -2"><span class='ocrx_word' id='word_1_75' title='bbox 307 1751 359 1815; x_wconf 88' lang='lat' dir='ltr'><strong>sed</strong></span> <span class='ocrx_word' id='word_1_76' title='bbox 382 1749 420 1813; x_wconf 89' lang='lat' dir='ltr'><strong>ad</strong></span> <span class='ocrx_word' id='word_1_77' title='bbox 442 1749 560 1813; x_wconf 89' lang='lat' dir='ltr'><strong>hostem</strong></span> <span class='ocrx_word' id='word_1_78' title='bbox 585 1770 774 1812; x_wconf 89' lang='lat' dir='ltr'><strong>communem</strong></span> <span class='ocrx_word' id='word_1_79' title='bbox 798 1770 866 1814; x_wconf 89' lang='lat' dir='ltr'><strong>cum</strong></span> <span class='ocrx_word' id='word_1_80' title='bbox 895 1750 1052 1814; x_wconf 85' lang='lat' dir='ltr'><strong>universae</strong></span> <span class='ocrx_word' id='word_1_81' title='bbox 1074 1749 1217 1816; x_wconf 82' lang='lat' dir='ltr'><strong>Graeciae</strong></span> <span class='ocrx_word' id='word_1_82' title='bbox 1239 1751 1334 1817; x_wconf 90' lang='lat' dir='ltr'><strong>laudi·</strong></span> 
     </span>
     <span class='ocr_line' id='line_1_12' title="bbox 308 1867 1333 1955; baseline 0.002 -21"><span class='ocrx_word' id='word_1_83' title='bbox 308 1870 362 1934; x_wconf 86' lang='lat' dir='ltr'><strong>bus</strong></span> <span class='ocrx_word' id='word_1_84' title='bbox 381 1867 630 1955; x_wconf 89' lang='lat' dir='ltr'><strong>propulsandum.</strong></span> <span class='ocrx_word' id='word_1_85' title='bbox 665 1867 711 1931; x_wconf 81' lang='lat' dir='ltr'><strong>Ex</strong></span> <span class='ocrx_word' id='word_1_86' title='bbox 729 1868 823 1932; x_wconf 90' lang='lat' dir='ltr'><strong>animi</strong></span> <span class='ocrx_word' id='word_1_87' title='bbox 842 1869 993 1933; x_wconf 87' lang='lat' dir='ltr'><strong>sententia</strong></span> <span class='ocrx_word' id='word_1_88' title='bbox 1010 1876 1040 1934; x_wconf 93' lang='lat' dir='ltr'><strong>et</strong></span> <span class='ocrx_word' id='word_1_89' title='bbox 1059 1868 1175 1934; x_wconf 84' lang='lat' dir='ltr'><strong>sincera</strong></span> <span class='ocrx_word' id='word_1_90' title='bbox 1191 1871 1333 1955; x_wconf 88' lang='lat' dir='ltr'><strong>autiquae</strong></span> 
     </span>
     <span class='ocr_line' id='line_1_13' title="bbox 308 1986 1333 2076; baseline 0 -22"><span class='ocrx_word' id='word_1_91' title='bbox 308 1989 421 2076; x_wconf 87' lang='lat' dir='ltr'><strong>gloriae</strong></span> <span class='ocrx_word' id='word_1_92' title='bbox 432 1986 632 2053; x_wconf 87' lang='lat' dir='ltr'><strong>admiratione</strong></span> <span class='ocrx_word' id='word_1_93' title='bbox 656 1988 794 2071; x_wconf 86' lang='lat' dir='ltr'><strong>quamvis</strong></span> <span class='ocrx_word' id='word_1_94' title='bbox 815 1988 922 2052; x_wconf 87' lang='lat' dir='ltr'><strong>multia</strong></span> <span class='ocrx_word' id='word_1_95' title='bbox 939 1987 1089 2067; x_wconf 84' lang='lat' dir='ltr'><strong>ridiculis,</strong></span> <span class='ocrx_word' id='word_1_96' title='bbox 1110 1994 1146 2052; x_wconf 89' lang='lat' dir='ltr'><strong>ut</strong></span> <span class='ocrx_word' id='word_1_97' title='bbox 1165 1988 1197 2052; x_wconf 92' lang='lat' dir='ltr'><strong>in</strong></span> <span class='ocrx_word' id='word_1_98' title='bbox 1215 2010 1333 2055; x_wconf 88' lang='lat' dir='ltr'><strong>comoe-</strong></span> 
     </span>
     <span class='ocr_line' id='line_1_14' title="bbox 308 2107 1334 2195; baseline -0.001 -21"><span class='ocrx_word' id='word_1_99' title='bbox 308 2110 376 2190; x_wconf 85' lang='lat' dir='ltr'><strong>dia,</strong></span> <span class='ocrx_word' id='word_1_100' title='bbox 399 2107 520 2172; x_wconf 87' lang='lat' dir='ltr'><strong>iusertis</strong></span> <span class='ocrx_word' id='word_1_101' title='bbox 544 2107 699 2193; x_wconf 88' lang='lat' dir='ltr'><strong>scripsisse</strong></span> <span class='ocrx_word' id='word_1_102' title='bbox 725 2107 801 2171; x_wconf 90' lang='lat' dir='ltr'><strong>mibi</strong></span> <span class='ocrx_word' id='word_1_103' title='bbox 828 2107 948 2173; x_wconf 88' lang='lat' dir='ltr'><strong>videtur</strong></span> <span class='ocrx_word' id='word_1_104' title='bbox 969 2115 1073 2195; x_wconf 89' lang='lat' dir='ltr'><strong>poeta,</strong></span> <span class='ocrx_word' id='word_1_105' title='bbox 1098 2130 1175 2192; x_wconf 92' lang='lat' dir='ltr'><strong>quae</strong></span> <span class='ocrx_word' id='word_1_106' title='bbox 1192 2107 1334 2194; x_wconf 83' lang='lat' dir='ltr'><strong>leguntur</strong></span> 
     </span>
     <span class='ocr_line' id='line_1_15' title="bbox 308 2226 1332 2314; baseline 0 -20"><span class='ocrx_word' id='word_1_107' title='bbox 308 2231 339 2294; x_wconf 90' lang='lat' dir='ltr'><strong>in</strong></span> <span class='ocrx_word' id='word_1_108' title='bbox 366 2228 457 2314; x_wconf 81' lang='lat' dir='ltr'><strong>Vesp.</strong></span> <span class='ocrx_word' id='word_1_109' title='bbox 482 2226 601 2311; x_wconf 90' lang='lat' dir='ltr'><strong>(Parab.</strong></span> <span class='ocrx_word' id='word_1_110' title='bbox 628 2228 712 2292; x_wconf 79' lang='lat' dir='ltr'><strong>roto</strong></span> <span class='ocrx_word' id='word_1_111' title='bbox 737 2229 834 2313; x_wconf 88' lang='lat' dir='ltr'><strong>seqq.)</strong></span> <span class='ocrx_word' id='word_1_112' title='bbox 857 2233 893 2293; x_wconf 94' lang='lat' dir='ltr'><strong>ut</strong></span> <span class='ocrx_word' id='word_1_113' title='bbox 917 2242 1016 2293; x_wconf 85' lang='lat' dir='ltr'><strong>coram</strong></span> <span class='ocrx_word' id='word_1_114' title='bbox 1044 2227 1159 2293; x_wconf 90' lang='lat' dir='ltr'><strong>civibus</strong></span> <span class='ocrx_word' id='word_1_115' title='bbox 1171 2250 1241 2294; x_wconf 88' lang='lat' dir='ltr'><strong>suae</strong></span> <span class='ocrx_word' id='word_1_116' title='bbox 1254 2237 1332 2294; x_wconf 90' lang='lat' dir='ltr'><strong>aeta·</strong></span> 
     </span>
     <span class='ocr_line' id='line_1_16' title="bbox 309 2345 821 2432; baseline -0.006 -19"><span class='ocrx_word' id='word_1_117' title='bbox 309 2351 349 2414; x_wconf 87' lang='lat' dir='ltr'><strong>tis</strong></span> <span class='ocrx_word' id='word_1_118' title='bbox 374 2348 519 2432; x_wconf 88' lang='lat' dir='ltr'><strong>majorum</strong></span> <span class='ocrx_word' id='word_1_119' title='bbox 544 2351 664 2411; x_wconf 88' lang='lat' dir='ltr'><strong>caneret</strong></span> <span class='ocrx_word' id='word_1_120' title='bbox 686 2345 821 2411; x_wconf 92' lang='lat' dir='ltr'><strong>laudem:</strong></span> 
     </span>
    </p>
   </div>
   <div class='ocr_carea' id='block_1_5' title="bbox 397 2557 1276 2880">
    <p class='ocr_par' dir='ltr' id='par_1_5' title="bbox 397 2557 1276 2880">
     <span class='ocr_line' id='line_1_17' title="bbox 397 2557 1164 2654; baseline -0.003 -30"><span class='ocrx_word' id='word_1_121' title='bbox 397 2561 535 2625; x_wconf 76' lang='grc' dir='ltr'><em>Ἀττικοὶ</em></span> <span class='ocrx_word' id='word_1_122' title='bbox 558 2559 641 2654; x_wconf 79' lang='grc' dir='ltr'><strong>Ιμόνον</strong></span> <span class='ocrx_word' id='word_1_123' title='bbox 669 2559 791 2630; x_wconf 74' lang='grc' dir='ltr'><em>δικαίοις</em></span> <span class='ocrx_word' id='word_1_124' title='bbox 816 2560 953 2636; x_wconf 70' lang='grc' dir='ltr'><strong>εὐγενεῖς</strong></span> <span class='ocrx_word' id='word_1_125' title='bbox 979 2557 1164 2638; x_wconf 75' lang='grc' dir='ltr'><em>αὐτόχθονες</em></span> 
     </span>
     <span class='ocr_line' id='line_1_18' title="bbox 398 2679 1276 2760; baseline -0.001 -17"><span class='ocrx_word' id='word_1_126' title='bbox 398 2682 620 2760; x_wconf 70' lang='grc' dir='ltr'><strong>ἀνδρικώτατον</strong></span> <span class='ocrx_word' id='word_1_127' title='bbox 644 2679 733 2756; x_wconf 72' lang='grc' dir='ltr'><em>γένος</em></span> <span class='ocrx_word' id='word_1_128' title='bbox 757 2679 809 2742; x_wconf 76' lang='lat' dir='ltr'><strong>real</strong></span> <span class='ocrx_word' id='word_1_129' title='bbox 834 2687 974 2743; x_wconf 73' lang='grc' dir='ltr'><strong>πλεῖστοι</strong></span> <span class='ocrx_word' id='word_1_130' title='bbox 998 2679 1088 2752; x_wconf 75' lang='grc' dir='ltr'><em>τήνδε</em></span> <span class='ocrx_word' id='word_1_131' title='bbox 1112 2679 1167 2751; x_wconf 70' lang='grc' dir='ltr'><strong>τὴν</strong></span> <span class='ocrx_word' id='word_1_132' title='bbox 1186 2679 1276 2743; x_wconf 81' lang='grc' dir='ltr'><em>πόλιν</em></span> 
     </span>
     <span class='ocr_line' id='line_1_19' title="bbox 399 2793 1230 2880; baseline 0 -18"><span class='ocrx_word' id='word_1_133' title='bbox 399 2803 565 2880; x_wconf 73' lang='grc' dir='ltr'><strong>ὠφελῆσον</strong></span> <span class='ocrx_word' id='word_1_134' title='bbox 590 2801 619 2862; x_wconf 83' lang='grc' dir='ltr'><strong>ἐν</strong></span> <span class='ocrx_word' id='word_1_135' title='bbox 643 2799 823 2879; x_wconf 73' lang='grc' dir='ltr'><em>μάχαισιν,</em></span> <span class='ocrx_word' id='word_1_136' title='bbox 850 2793 1032 2873; x_wconf 71' lang='grc' dir='ltr'><strong>ἡνι’κ’ἦλθ’ὁ</strong></span> <span class='ocrx_word' id='word_1_137' title='bbox 1057 2796 1230 2878; x_wconf 60' lang='grc' dir='ltr'><em>βάρβαρος.</em></span> 
     </span>
    </p>
   </div>
   <div class='ocr_carea' id='block_1_6' title="bbox 310 3007 1332 3573">
    <p class='ocr_par' dir='ltr' id='par_1_6' title="bbox 310 3007 1332 3573">
     <span class='ocr_line' id='line_1_20' title="bbox 353 3007 1332 3094; baseline -0.002 -20"><span class='ocrx_word' id='word_1_138' title='bbox 353 3010 500 3090; x_wconf 73' lang='lat' dir='ltr'><strong>Quamvis</strong></span> <span class='ocrx_word' id='word_1_139' title='bbox 536 3008 664 3073; x_wconf 89' lang='lat' dir='ltr'><strong>ridicula</strong></span> <span class='ocrx_word' id='word_1_140' title='bbox 699 3029 819 3094; x_wconf 85' lang='lat' dir='ltr'><strong>pugnae</strong></span> <span class='ocrx_word' id='word_1_141' title='bbox 855 3008 893 3071; x_wconf 90' lang='lat' dir='ltr'><strong>ad</strong></span> <span class='ocrx_word' id='word_1_142' title='bbox 929 3007 1138 3072; x_wconf 82' lang='lat' dir='ltr'><strong>Marathonem</strong></span> <span class='ocrx_word' id='word_1_143' title='bbox 1169 3007 1332 3092; x_wconf 83' lang='lat' dir='ltr'><strong>descriptio</strong></span> 
     </span>
     <span class='ocr_line' id='line_1_21' title="bbox 310 3127 1331 3212; baseline -0.003 -18"><span class='ocrx_word' id='word_1_144' title='bbox 310 3138 410 3195; x_wconf 91' lang='lat' dir='ltr'><strong>tamen</strong></span> <span class='ocrx_word' id='word_1_145' title='bbox 438 3129 531 3194; x_wconf 91' lang='lat' dir='ltr'><strong>multa</strong></span> <span class='ocrx_word' id='word_1_146' title='bbox 553 3129 705 3208; x_wconf 88' lang='lat' dir='ltr'><strong>continet,</strong></span> <span class='ocrx_word' id='word_1_147' title='bbox 730 3148 807 3212; x_wconf 89' lang='lat' dir='ltr'><strong>qnae</strong></span> <span class='ocrx_word' id='word_1_148' title='bbox 829 3128 938 3191; x_wconf 91' lang='lat' dir='ltr'><strong>acriter</strong></span> <span class='ocrx_word' id='word_1_149' title='bbox 962 3127 1132 3212; x_wconf 90' lang='lat' dir='ltr'><strong>aequalium</strong></span> <span class='ocrx_word' id='word_1_150' title='bbox 1156 3127 1245 3205; x_wconf 87' lang='lat' dir='ltr'><strong>vitia,</strong></span> <span class='ocrx_word' id='word_1_151' title='bbox 1272 3149 1331 3191; x_wconf 90' lang='lat' dir='ltr'><strong>ma·</strong></span> 
     </span>
     <span class='ocr_line' id='line_1_22' title="bbox 310 3246 1332 3335; baseline -0.004 -21"><span class='ocrx_word' id='word_1_152' title='bbox 310 3251 406 3315; x_wconf 90' lang='lat' dir='ltr'><strong>lorum</strong></span> <span class='ocrx_word' id='word_1_153' title='bbox 430 3248 610 3335; x_wconf 90' lang='lat' dir='ltr'><strong>reipublicae</strong></span> <span class='ocrx_word' id='word_1_154' title='bbox 633 3270 738 3312; x_wconf 87' lang='lat' dir='ltr'><strong>causas</strong></span> <span class='ocrx_word' id='word_1_155' title='bbox 766 3247 930 3332; x_wconf 79' lang='lat' dir='ltr'><strong>exagitent.</strong></span> <span class='ocrx_word' id='word_1_156' title='bbox 976 3247 1109 3311; x_wconf 87' lang='lat' dir='ltr'><strong>Deorum</strong></span> <span class='ocrx_word' id='word_1_157' title='bbox 1131 3246 1245 3311; x_wconf 83' lang='lat' dir='ltr'><strong>auxilio</strong></span> <span class='ocrx_word' id='word_1_158' title='bbox 1262 3247 1332 3311; x_wconf 86' lang='lat' dir='ltr'><strong>freti</strong></span> 
     </span>
     <span class='ocr_line' id='line_1_23' title="bbox 311 3366 1330 3455; baseline -0.006 -20"><span class='ocrx_word' id='word_1_159' title='bbox 311 3371 366 3455; x_wconf 92' lang='lat' dir='ltr'><strong>(ait</strong></span> <span class='ocrx_word' id='word_1_160' title='bbox 388 3369 509 3453; x_wconf 88' lang='lat' dir='ltr'><strong>chorus)</strong></span> <span class='ocrx_word' id='word_1_161' title='bbox 533 3390 594 3432; x_wconf 90' lang='lat' dir='ltr'><strong>non</strong></span> <span class='ocrx_word' id='word_1_162' title='bbox 617 3368 663 3431; x_wconf 92' lang='lat' dir='ltr'><strong>uti</strong></span> <span class='ocrx_word' id='word_1_163' title='bbox 686 3389 767 3434; x_wconf 88' lang='lat' dir='ltr'><strong>nuno</strong></span> <span class='ocrx_word' id='word_1_164' title='bbox 788 3367 921 3432; x_wconf 90' lang='lat' dir='ltr'><strong>humano</strong></span> <span class='ocrx_word' id='word_1_165' title='bbox 941 3367 1006 3430; x_wconf 89' lang='lat' dir='ltr'><strong>solo</strong></span> <span class='ocrx_word' id='word_1_166' title='bbox 1025 3366 1169 3446; x_wconf 88' lang='lat' dir='ltr'><strong>consilio,</strong></span> <span class='ocrx_word' id='word_1_167' title='bbox 1188 3367 1330 3444; x_wconf 89' lang='lat' dir='ltr'><strong>maiores,</strong></span> 
     </span>
     <span class='ocr_line' id='line_1_24' title="bbox 310 3483 1332 3573; baseline -0.007 -18"><span class='ocrx_word' id='word_1_168' title='bbox 310 3488 444 3555; x_wconf 89' lang='lat' dir='ltr'><strong>nondum</strong></span> <span class='ocrx_word' id='word_1_169' title='bbox 483 3487 685 3573; x_wconf 85' lang='lat' dir='ltr'><strong>sophistarum</strong></span> <span class='ocrx_word' id='word_1_170' title='bbox 722 3487 888 3572; x_wconf 86' lang='lat' dir='ltr'><strong>praeceptis</strong></span> <span class='ocrx_word' id='word_1_171' title='bbox 923 3486 1055 3571; x_wconf 85' lang='lat' dir='ltr'><strong>corrupti</strong></span> <span class='ocrx_word' id='word_1_172' title='bbox 1078 3488 1120 3569; x_wconf 88' lang='lat'><strong>¹),</strong></span> <span class='ocrx_word' id='word_1_173' title='bbox 1155 3507 1253 3568; x_wconf 87' lang='lat' dir='ltr'><strong>neque</strong></span> <span class='ocrx_word' id='word_1_174' title='bbox 1293 3483 1332 3548; x_wconf 96' lang='lat' dir='ltr'><strong>ob</strong></span> 
     </span>
    </p>
   </div>
   <div class='ocr_carea' id='block_1_7' title="bbox 315 3701 519 3710">
    <p class='ocr_par' dir='ltr' id='par_1_7' title="bbox 315 3701 519 3710">
     <span class='ocr_line' id='line_1_25' title="bbox 315 3701 519 3710; baseline -0.01 0"><span class='ocrx_word' id='word_1_175' title='bbox 315 3701 519 3710; x_wconf 64' lang='lat'><strong>———</strong></span> 
     </span>
    </p>
   </div>
   <div class='ocr_carea' id='block_1_8' title="bbox 309 3833 1332 4220">
    <p class='ocr_par' dir='ltr' id='par_1_8' title="bbox 309 3833 1332 4220">
     <span class='ocr_line' id='line_1_26' title="bbox 343 3833 1332 3900; baseline -0.007 -14"><span class='ocrx_word' id='word_1_176' title='bbox 343 3839 362 3898; x_wconf 73' lang='grc' dir='ltr'><strong>Ι)</strong></span> <span class='ocrx_word' id='word_1_177' title='bbox 381 3837 429 3887; x_wconf 89' lang='lat' dir='ltr'><strong>Hic</strong></span> <span class='ocrx_word' id='word_1_178' title='bbox 446 3855 526 3888; x_wconf 83' lang='lat' dir='ltr'><strong>sensus</strong></span> <span class='ocrx_word' id='word_1_179' title='bbox 544 3857 556 3887; x_wconf 90' lang='lat' dir='ltr'><strong>e</strong></span> <span class='ocrx_word' id='word_1_180' title='bbox 573 3839 649 3888; x_wconf 84' lang='lat' dir='ltr'><strong>vorbis</strong></span> <span class='ocrx_word' id='word_1_181' title='bbox 666 3839 713 3895; x_wconf 78' lang='grc' dir='ltr'><strong>ξύν</strong></span> <span class='ocrx_word' id='word_1_182' title='bbox 729 3843 808 3894; x_wconf 78' lang='grc' dir='ltr'><em>θεοῖς</em></span> <span class='ocrx_word' id='word_1_183' title='bbox 825 3837 904 3885; x_wconf 84' lang='lat' dir='ltr'><strong>crenti</strong></span> <span class='ocrx_word' id='word_1_184' title='bbox 922 3851 988 3900; x_wconf 88' lang='lat' dir='ltr'><strong>posse</strong></span> <span class='ocrx_word' id='word_1_185' title='bbox 1000 3834 1060 3883; x_wconf 85' lang='lat' dir='ltr'><strong>mihi</strong></span> <span class='ocrx_word' id='word_1_186' title='bbox 1074 3833 1168 3881; x_wconf 81' lang='lat' dir='ltr'><strong>ridetur</strong></span> <span class='ocrx_word' id='word_1_187' title='bbox 1180 3845 1252 3897; x_wconf 88' lang='lat' dir='ltr'><strong>quum</strong></span> <span class='ocrx_word' id='word_1_188' title='bbox 1264 3835 1332 3895; x_wconf 86' lang='lat' dir='ltr'><strong>pocta</strong></span> 
     </span>
     <span class='ocr_line' id='line_1_27' title="bbox 309 3913 1332 3987; baseline -0.012 -15"><span class='ocrx_word' id='word_1_189' title='bbox 309 3925 334 3972; x_wconf 91' lang='lat' dir='ltr'><strong>iu</strong></span> <span class='ocrx_word' id='word_1_190' title='bbox 351 3921 431 3970; x_wconf 80' lang='lat' dir='ltr'><strong>subula</strong></span> <span class='ocrx_word' id='word_1_191' title='bbox 450 3919 560 3978; x_wconf 82' lang='lat' dir='ltr'><strong>„Nubes”</strong></span> <span class='ocrx_word' id='word_1_192' title='bbox 578 3923 706 3987; x_wconf 85' lang='lat' dir='ltr'><strong>iuscripta,</strong></span> <span class='ocrx_word' id='word_1_193' title='bbox 723 3921 810 3970; x_wconf 87' lang='lat' dir='ltr'><strong>acriter</strong></span> <span class='ocrx_word' id='word_1_194' title='bbox 827 3918 953 3967; x_wconf 87' lang='lat' dir='ltr'><strong>invehatur</strong></span> <span class='ocrx_word' id='word_1_195' title='bbox 970 3917 996 3964; x_wconf 94' lang='lat' dir='ltr'><strong>in</strong></span> <span class='ocrx_word' id='word_1_196' title='bbox 1013 3915 1120 3964; x_wconf 88' lang='lat' dir='ltr'><strong>homines</strong></span> <span class='ocrx_word' id='word_1_197' title='bbox 1144 3913 1210 3973; x_wconf 83' lang='lat' dir='ltr'><strong>illos,</strong></span> <span class='ocrx_word' id='word_1_198' title='bbox 1228 3914 1269 3978; x_wconf 89' lang='lat' dir='ltr'><strong>qul</strong></span> <span class='ocrx_word' id='word_1_199' title='bbox 1289 3928 1332 3962; x_wconf 85' lang='lat' dir='ltr'><strong>sna</strong></span> 
     </span>
     <span class='ocr_line' id='line_1_28' title="bbox 309 3995 1332 4068; baseline -0.013 -13"><span class='ocrx_word' id='word_1_200' title='bbox 309 4005 415 4055; x_wconf 85' lang='lat' dir='ltr'><strong>doctrina</strong></span> <span class='ocrx_word' id='word_1_201' title='bbox 437 4005 563 4064; x_wconf 83' lang='lat' dir='ltr'><strong>officerent,</strong></span> <span class='ocrx_word' id='word_1_202' title='bbox 582 4009 608 4052; x_wconf 87' lang='lat' dir='ltr'><strong>ut</strong></span> <span class='ocrx_word' id='word_1_203' title='bbox 629 4004 730 4068; x_wconf 89' lang='lat' dir='ltr'><strong>populns</strong></span> <span class='ocrx_word' id='word_1_204' title='bbox 747 4003 816 4052; x_wconf 82' lang='lat' dir='ltr'><strong>fidam</strong></span> <span class='ocrx_word' id='word_1_205' title='bbox 834 4001 860 4050; x_wconf 93' lang='lat' dir='ltr'><strong>in</strong></span> <span class='ocrx_word' id='word_1_206' title='bbox 878 4000 923 4049; x_wconf 83' lang='lat' dir='ltr'><strong>diis</strong></span> <span class='ocrx_word' id='word_1_207' title='bbox 942 4013 1026 4062; x_wconf 84' lang='lat' dir='ltr'><strong>ponera</strong></span> <span class='ocrx_word' id='word_1_208' title='bbox 1045 3996 1178 4045; x_wconf 86' lang='lat' dir='ltr'><strong>desisteret.</strong></span> <span class='ocrx_word' id='word_1_209' title='bbox 1214 3995 1332 4058; x_wconf 80' lang='lat' dir='ltr'><strong>l‘erspicit</strong></span> 
     </span>
     <span class='ocr_line' id='line_1_29' title="bbox 310 4075 1331 4151; baseline -0.013 -14"><span class='ocrx_word' id='word_1_210' title='bbox 310 4092 378 4151; x_wconf 84' lang='lat' dir='ltr'><strong>pocta</strong></span> <span class='ocrx_word' id='word_1_211' title='bbox 402 4087 493 4151; x_wconf 86' lang='lat' dir='ltr'><strong>plebem</strong></span> <span class='ocrx_word' id='word_1_212' title='bbox 519 4102 573 4135; x_wconf 88' lang='lat' dir='ltr'><strong>cum</strong></span> <span class='ocrx_word' id='word_1_213' title='bbox 594 4086 690 4150; x_wconf 87' lang='lat' dir='ltr'><strong>antiqua</strong></span> <span class='ocrx_word' id='word_1_214' title='bbox 711 4083 836 4146; x_wconf 83' lang='lat' dir='ltr'><strong>religione,</strong></span> <span class='ocrx_word' id='word_1_215' title='bbox 860 4081 934 4130; x_wconf 85' lang='lat' dir='ltr'><strong>animi</strong></span> <span class='ocrx_word' id='word_1_216' title='bbox 955 4079 1121 4128; x_wconf 80' lang='lat' dir='ltr'><strong>fortitudinum</strong></span> <span class='ocrx_word' id='word_1_217' title='bbox 1144 4093 1237 4144; x_wconf 90' lang='lat' dir='ltr'><strong>quoque</strong></span> <span class='ocrx_word' id='word_1_218' title='bbox 1259 4075 1331 4126; x_wconf 89' lang='lat' dir='ltr'><strong>arnis-</strong></span> 
     </span>
     <span class='ocr_line' id='line_1_30' title="bbox 311 4185 396 4220; baseline -0.035 0"><span class='ocrx_word' id='word_1_219' title='bbox 311 4185 396 4220; x_wconf 84' lang='lat' dir='ltr'><strong>suram.</strong></span> 
     </span>
    </p>
   </div>
   <div class='ocr_carea' id='block_1_9' title="bbox 0 0 1701 5232">
    <p class='ocr_par' dir='ltr' id='par_1_9' title="bbox 0 0 1701 5232">
     <span class='ocr_line' id='line_1_31' title="bbox 0 0 1701 5232; baseline 0 0"><span class='ocrx_word' id='word_1_220' title='bbox 0 0 1701 5232; x_wconf 95' lang='lat' dir='ltr'><strong> </strong></span> 
     </span>
    </p>
   </div>
  </div>
 </body>
</html>
