3374 5232
811 425 849 488 17

357 665 418 732 llic
453 667 547 753 igitur
577 689 699 753 quoque
721 666 820 752 tangit
841 672 929 752 poeta
959 665 1067 751 populi
1093 664 1331 730 dominationem

311 784 466 867 vecordis,
508 807 585 870 qnae
624 783 754 850 Athenis
795 792 861 850 orta
900 795 962 864 est,
1003 804 1099 868 quum
1138 784 1198 848 iam
1242 803 1330 846 nemo

309 903 442 985 adesset,
478 905 548 990 qni,
584 909 619 969 ut
649 911 694 969 est
727 904 806 991 apud
834 903 997 969 Horatium
1027 911 1163 983 ,rectum
1194 901 1329 968 ordinem

309 1025 449 1110 evaganti
477 1023 559 1090 frena
588 1023 725 1089 licentiae
754 1022 924 1090 iniiceret.’'
971 1023 1025 1087 list
1046 997 1101 1088 illa
1131 1022 1330 1088 democretius

307 1143 402 1209 forma
439 1165 516 1229 quae
548 1151 628 1208 recte
661 1143 698 1208 ab
735 1142 891 1208 Alcibiade
928 1148 1051 1207 vocetur
1089 1141 1326 1220 (ὁμολογουμένη

307 1262 413 1341 deors,
449 1284 508 1347 qne
537 1261 634 1348 plebs,
664 1259 849 1348 turpissimis
872 1261 983 1328 stodiis
1006 1261 1185 1348 indulgens,
1208 1261 1329 1348 nequis·

196 1437 200 1446 .
306 1383 382 1447 simo
399 1382 509 1467 cuique
525 1379 663 1468 praebeat
681 1379 870 1445 occasionem
889 1379 1073 1467 reipublicae
1090 1380 1328 1466 pessumdandae

306 1508 336 1566 et
358 1501 526 1587 potentiam
548 1500 616 1581 det,
648 1521 723 1585 quae
751 1500 888 1588 inprimis
912 1500 1062 1586 opprimat
1084 1499 1178 1565 bonos
1202 1505 1233 1566 et
1255 1521 1327 1586 opus

305 1619 455 1686 lentiores.
752 1710 757 1718 ἡ

349 1739 394 1804 Ut
426 1737 566 1806 Cleonem
601 1747 690 1804 vocet
722 1739 754 1804 in
783 1740 984 1825 suspicionem
1012 1747 1043 1804 et
1074 1739 1169 1804 simul
1200 1739 1325 1826 planum

304 1857 408 1938 faciat,
432 1880 522 1943 quam
546 1858 668 1944 paulum
691 1865 824 1945 potestas
850 1857 902 1922 illa
933 1859 1082 1946 discrepet
1104 1882 1122 1923 a
1148 1858 1324 1956 tyrannide,

303 1998 337 2041 ea
359 1977 481 2042 finxisse
504 1977 581 2042 mihi
600 1977 721 2042 videtur
739 1999 816 2063 quae
832 1972 960 2064 legimus
978 1978 1010 2043 in
1030 1978 1108 2064 qu.
1130 1984 1219 2064 (vers.
1236 1978 1326 2063 846).'

303 2093 384 2160 Nam
414 2096 457 2161 ibi
488 2096 643 2176 Cleonem,
679 2103 852 2182 arroganter
884 2097 1047 2162 iactantem
1083 2120 1114 2162 se
1142 2096 1325 2164 adversarios

302 2235 372 2281 snos
386 2217 535 2297 victuros,
554 2215 699 2302 quamdin
712 2238 791 2280 unns
803 2238 819 2281 e
832 2216 945 2302 clypeis
956 2215 994 2280 ad
1006 2216 1117 2302 Pylum
1129 2216 1325 2303 ceptisrelin·

301 2341 426 2421 quatur,
450 2337 552 2402 statim
572 2344 692 2402 accusat
710 2336 898 2416 insiciarius,
923 2336 1004 2420 qnod
1014 2358 1142 2423 regnum
1155 2342 1270 2423 captet,
1294 2342 1325 2404 et

298 2456 421 2542 clypeos
445 2478 514 2521 cum
537 2457 618 2522 ansis
641 2456 849 2543 suspenderit,
878 2457 989 2540 quibus
1019 2456 1166 2522 continuo
1189 2461 1324 2524 uteretur

299 2583 403 2640 contre
440 2576 609 2662 populum,
649 2576 677 2640 si
712 2599 780 2642 enm
817 2576 992 2642 ostracismo
1033 2577 1181 2663 expellere
1214 2575 1321 2657 vellet,

299 2695 493 2779 (ὀστρακίνδα
530 2696 682 2782 βλέπων).
735 2697 885 2778 Quamvis
918 2696 958 2760 sit
984 2696 1110 2782 ridicula
1143 2702 1174 2762 et
1207 2697 1322 2765 comice

297 2814 367 2880 licta
401 2815 472 2883 haec
504 2817 637 2903 suspicio
666 2827 767 2882 tamen
798 2815 889 2882 latere
919 2823 1027 2903 poetae
1057 2815 1216 2882 consilinm
1244 2815 1321 2884 mihi

296 2933 423 2998 videtnr'
436 2934 579 3000 monendi
598 2935 766 3022 populum,
785 2957 822 3000 ne
847 2934 939 3000 nimis
963 2935 1004 3002 sit
1022 2957 1138 3017 socors,
1162 2941 1193 3000 et
1213 2941 1319 3004 carmi

204 3135 208 3150 μ
295 3052 377 3119 cives
405 3053 485 3136 illos,
517 3055 555 3120 de
578 3055 689 3141 quibus
711 3055 863 3120 Diodotus
888 3055 920 3119 in
943 3054 1077 3120 oratione
1104 3059 1208 3123 contra
1229 3052 1317 3120 Cleo·

293 3195 363 3240 nem
399 3173 503 3240 habita
538 3173 630 3242 dicit:
677 3174 784 3261 (Thoe.
824 3171 893 3255 IH,
930 3175 988 3260 42)
1025 3173 1078 3239 κου)
1106 3175 1235 3243 πλεῖστ’
1274 3172 1314 3238 ἄν

293 3295 402 3374 ορθοῒτο
429 3296 446 3371 ἡ
471 3292 562 3367 πόλις
590 3293 759 3367 οέδυυιέτους
786 3293 891 3373 λέγειν
916 3292 1037 3376 ἔχουοοο
1061 3294 1133 3367 τοὺς
1157 3293 1310 3366 τοιούτους

292 3420 349 3479 τῶν
379 3420 532 3496 πολιτῶν,
564 3415 617 3499 qni
641 3414 748 3480 callide
771 3414 928 3480 calumniis
951 3414 1014 3495 nsi,
1046 3438 1063 3480 a
1088 3414 1313 3500 loquendode-

292 3541 422 3600 terreant
451 3533 635 3600 adversarios
666 3541 696 3600 et
720 3535 872 3602 auditores
898 3535 943 3600 ita
964 3534 1145 3622 percellunt,
1168 3541 1211 3602 ut·
1226 3540 1311 3602 metu

291 3653 433 3720 omnibus
461 3654 588 3734 iniecto,
617 3653 725 3719 civitas
752 3655 840 3721 bonis
871 3655 1006 3721 consiliis
1034 3655 1178 3741 privetur.
1224 3652 1311 3735 Quae

291 3773 404 3860 optime
431 3773 545 3839 cadunt
570 3774 604 3838 in
630 3771 787 3855 Cleonem,
823 3776 912 3840 ouius
940 3776 1105 3841 auotoritas
1131 3781 1217 3842 tanta
1247 3781 1311 3840 erat

291 3893 372 3979 opud
404 3892 509 3979 populi
532 3898 646 3979 partem
673 3893 875 3972 stolidiorem,
905 3902 940 3958 nt
970 3895 1058 3979 qnasi
1080 3900 1226 3981 tyrannus
1247 3916 1310 3958 om-

291 4034 344 4076 nes
378 4012 561 4078 adversarios
595 4013 796 4098 opprimeret,
839 4035 967 4098 quornm
1002 4035 1090 4078 nemo
1126 4014 1238 4082 valeret
1271 4012 1310 4078 ed

291 4130 410 4195 lortiter
439 4130 648 4196 resistendum.
694 4132 787 4195 Poeta
817 4132 898 4195 solns
927 4139 1046 4196 strenue
1072 4132 1243 4212 contendit,
1272 4139 1307 4198 ut

1155 4256 1172 4315 2
