3374 5232
797 439 836 496 81

282 642 284 648 ¹
310 651 382 715 fidas
412 651 443 714 in
471 673 543 736 pace
566 651 690 728 certior,
714 650 814 713 statim
839 649 916 713 bello
940 656 1005 714 orto
1029 649 1218 734 arripuerunt
1241 669 1323 712 occa·

310 770 424 833 sionem
458 769 633 847 deficiendi,
669 769 809 832 invocato
849 767 961 834 auxilio
1002 767 1323 846 Lacedaemoniorum,

309 890 362 972 qui
385 890 443 974 ipsi
466 890 567 953 omnia
589 888 755 968 faciebant,
780 896 815 952 ut
835 888 902 952 illos
921 887 1118 953 sollicitarent
1124 914 1134 965 3
1156 886 1325 952 libertatem

310 1008 389 1072 enim
412 1008 570 1072 civitatum
595 1029 710 1093 semper
732 1009 1018 1093 praeseferentes,
1044 1009 1102 1073 iam
1126 1015 1195 1073 ante
1212 1005 1323 1072 bellum

312 1135 408 1192 ortum
431 1129 674 1214 postulaverant,
700 1136 734 1192 ut
749 1127 947 1193 Athenienses
969 1127 1107 1193 omnibus
1131 1127 1220 1192 sociis
1237 1125 1325 1194 liber·

308 1255 401 1313 tatem
423 1249 627 1313 concederent.
674 1247 764 1328 Quod
786 1248 965 1334 Mytilenaei
985 1248 1110 1315 feceriut
1134 1246 1326 1312 notissimum

309 1373 353 1431 ex'
375 1365 511 1432 historia.
564 1366 638 1431 Eam
667 1389 729 1432 rem
764 1367 838 1431 mihi
869 1375 989 1452 tangere
1022 1367 1142 1432 videtur
1170 1370 1260 1452 poeta
1292 1364 1325 1428 in

309 1485 386 1550 Pace
410 1489 450 1571 (v.
477 1489 567 1572 619);

354 1663 424 1748 κᾷτ’
451 1666 553 1741 ἐπειδὴ
576 1667 715 1744 ”ννονσαν
739 1671 822 1744 ὑμᾶς
846 1669 879 1730 αι’
903 1665 1009 1737 πόλεις
1036 1663 1073 1730 ὧν
1097 1665 1211 1745 ἤρχετε

354 1789 556 1867 ἠγριωμένους
580 1787 630 1850 ἐπ’
658 1785 822 1862 ἀλλήλοισι
850 1789 903 1853 καὶ
934 1785 1102 1866 σεσηρότας

353 1905 447 1970 πέντ’
470 1907 667 1988 ἐμηχανῶντ’
691 1910 743 1988 ἐφ’
767 1910 857 1986 ὑμῖν,
880 1909 949 1979 τοὺς
975 1908 1085 1989 Φέρονς
1109 1907 1304 1987 Φοβούμεναι

354 2028 529 2094 κάνέπειθον
550 2035 608 2092 τῶν
632 2029 783 2094 Λακώνων
808 2030 878 2099 τοὺς
903 2029 1071 2106 μεγίστους
1096 2028 1266 2108 χρήμασιν.

353 2205 472 2286 Quibus
495 2206 629 2270 conferre
655 2227 761 2291 operae
783 2205 913 2290 pretium
937 2211 983 2269 est
1003 2204 1169 2268 orationem
1188 2225 1206 2267 a
1223 2201 1324 2288 Μοιρ-

310 2324 419 2389 lenacia
476 2323 634 2410 Olympiae
667 2325 819 2402 habitam,
853 2346 913 2409 qna
943 2322 1089 2387 auxilium
1123 2322 1324 2387 Lacedaemo·

310 2444 426 2508 nicrum
449 2449 479 2506 et
502 2444 653 2508 sociorum
672 2445 848 2508 invocantes
868 2442 976 2526 (Thuc.
995 2441 1061 2522 ΙΙΙ,
1081 2445 1134 2527 13)
1147 2441 1324 2506 defectionis

308 2564 562 2650 opportunitatem
594 2572 763 2650 exponunt:
800 2565 900 2642 καιρὸς
934 2562 964 2625 δὲ
996 2563 1034 2632 οὓς
1059 2561 1139 2626 οὔπα
1168 2560 1320 2641 πρότερον.

307 2683 380 2765 νόσῳ
403 2708 438 2748 τε
463 2707 524 2765 γαρ
550 2685 724 2763 ε’Φθοέραται
749 2683 901 2757 Ἀθηναῖοι
924 2683 975 2745 καὶ
992 2684 1164 2763 χρημάτων
1180 2681 1319 2763 δαποένρ,

309 2805 374 2876 νῆές
413 2830 447 2870 τε
480 2807 585 2875 αὐτοῖς
622 2806 653 2868 αἱ
694 2805 750 2879 μὲν
791 2804 858 2882 περὶ
895 2805 950 2876 τὴν
990 2805 1141 2884 ὑμετέραν
1165 2803 1259 2880 siria,
1288 2803 1320 2868 αἱ

307 2927 332 2988 δ’
361 2927 413 3005 ἐφ’
436 2928 508 3000 ἡμῖν
531 2924 734 3004 τετέχαται,
760 2921 837 2988 ὥστε
855 2929 908 2990 οὐκ
923 2926 1001 2997 clade
1018 2926 1128 2996 αὐτοὺς
1145 2924 1320 3006 περιουσίαν

308 3051 377 3110 νεῶν
401 3045 486 3126 ἔχειν
513 3047 546 3119 ἢν
574 3047 661 3121 ὑμεῖς
686 3049 715 3109 έν
741 3049 782 3126 τῷ
808 3047 881 3126 θέρει
906 3046 981 3126 τῷδε
1008 3046 1098 3110 ναοσέ
1116 3047 1219 3110 τεκαὶ
1237 3047 1318 3128 πεζῷ

307 3165 378 3244 ἅμα
402 3165 603 3244 ἕπεσβέανρτε
626 3168 660 3230 τὸ
682 3165 830 3246 δεύτερον.
863 3165 974 3231 Classis
985 3167 1082 3247 enim,
1099 3189 1176 3252 quae
1187 3173 1320 3253 tempore

307 3286 390 3372 pacis
413 3287 500 3350 facile
522 3285 618 3350 socios
637 3307 769 3352 coercere
788 3293 920 3372 poterat,
938 3284 1317 3372 navibusproptorbellum

308 3404 449 3490 dispersis
471 3405 531 3470 iam
554 3427 614 3470 non
633 3415 695 3470 erat
719 3407 891 3486 metuenda,
916 3407 1057 3490 quocirca
1067 3405 1214 3470 nobilium
1225 3405 1317 3470 tactio

308 3545 423 3609 semper
456 3525 558 3588 favens
591 3525 848 3605 Lacedaemoniis,
884 3525 990 3590 horum
1024 3525 1136 3590 auxilio
1166 3525 1257 3605 freta,
1280 3525 1318 3590 ab

308 3643 543 3709 Atheniensibus
572 3667 658 3731 saepe
681 3644 777 3709 invito
799 3645 912 3732 populo
937 3645 1102 3710 deficiebat.
1146 3644 1319 3724 Praeterea,

308 3763 457 3829 alliciebat
477 3765 579 3858 socios
602 3770 751 3830 ostentata
775 3764 897 3830 libertas
920 3772 950 3830 et
973 3787 1057 3852 spos,
1089 3771 1123 3829 ut
1144 3765 1209 3851 ipse
1230 3771 1319 3850 pocta

308 3881 328 3946 l.
341 3881 364 3947 l.
387 3881 476 3960 dicit,
501 3905 538 3946 ne
561 3882 690 3969 amplius
711 3883 862 3948 tributum
884 3882 1049 3970 penderent
1072 3883 1177 3968 (Thac.
1190 3883 1216 3954 Ι.
1233 3885 1320 3970 144).
1350 3906 1353 3912 ·

353 3998 497 4085 Inprimis
520 4001 711 4087 optimatium
733 4001 893 4067 lectionem
916 4002 1023 4083 fuisse,
1044 4003 1320 4087 quaeintrasocios

311 4118 545 4184 Atheniensibus
559 4126 622 4184 erat
634 4120 840 4200 infestissima,
857 4123 1081 4187 multitudinem
1094 4130 1197 4188 contra
1216 4145 1318 4190 eorum

1173 4245 1192 4306 6
