3374 5232
816 424 856 484 35

320 634 413 720 legati
450 634 599 708 sociorum
637 641 671 699 ut
711 635 824 718 aliquid
864 636 1059 721 impetrarent
1098 633 1336 702 subblandiendo

324 753 521 819 Athenienses
549 753 733 839 appellarent
767 754 968 834 inorepaturus
1003 754 1107 819 statim
1140 754 1190 826 bis
1220 753 1339 822 coronis

321 872 433 937 intenti
462 871 622 953 sedebant,
653 879 689 936 ut
718 873 818 938 iocose
848 872 923 937 dicit
952 879 1041 958 poeta
1072 872 1161 959 (Aah.
1189 874 1265 957 638)
1289 872 1338 936 ἐπ’

323 991 420 1072 ἄκρων
449 995 507 1056 τῶν
538 991 706 1070 πυγιδίων,
750 998 804 1074 aut
845 992 872 1056 si
912 992 980 1077 quis
1017 991 1153 1056 Athenas
1186 998 1341 1076 tamquam

322 1111 452 1198 aphuas‚
482 1111 611 1198 pingues
634 1118 770 1192 voearet,
803 1110 916 1176 talibus
938 1111 1153 1176 blandimentis
1176 1109 1341 1178 delectatus

321 1231 467 1317 populus,
491 1231 640 1316 quidquid
662 1239 800 1317 cuperet,
824 1229 853 1295 ei
879 1231 1074 1298 concedebat.
1120 1230 1208 1296 Idem
1228 1229 1342 1296 uitium

322 1350 354 1415 in
388 1349 497 1438 Vespis
538 1372 659 1436 quoque
699 1350 834 1436 exagitet
846 1400 855 1430 ‚
897 1350 952 1415 nbi
991 1349 1042 1416 ille
1074 1348 1194 1414 Cleonis
1227 1348 1343 1414 amians

323 1470 538 1555 (aaronitae),
559 1492 649 1555 quem
669 1469 806 1535 omnium
825 1467 1034 1534 huiuscemodi
1053 1469 1086 1533 in
1105 1490 1193 1534 soene
1211 1466 1344 1538 traduait

322 1598 444 1676 typum,
479 1613 511 1656 se
539 1589 676 1654 omnium
706 1589 864 1654 dominum
894 1609 958 1652 esse
987 1587 1081 1652 iactat
1115 1587 1221 1672 (Vesp.
1249 1587 1344 1670 517);

322 1732 392 1775 nam
414 1732 468 1796 pro
491 1716 572 1774 nerto
595 1708 700 1788 babet,
731 1706 971 1786 iurisdietionem
998 1729 1095 1793 regno
1123 1728 1185 1771 non
1212 1727 1276 1772 esse
1296 1705 1345 1772 in·

323 1831 468 1896 terionem.
515 1830 626 1895 Nonne
656 1828 714 1892 riri
745 1826 848 1914 magni
872 1833 903 1891 et
926 1826 1044 1892 robusti
1065 1826 1183 1891 iudioes
1205 1831 1347 1892 metuunt

321 1959 475 2034 temquam
510 1947 671 2013 dominos?
729 1945 815 2028 Quae
852 1947 923 2031 ipsa
963 1953 1010 2012 est
1051 1945 1168 2012 vanitas
1206 1945 1346 2025 illorum,

324 2070 377 2152 qui
405 2069 540 2132 lubenter
568 2067 703 2132 saevient
738 2066 769 2129 in
803 2065 886 2145 illos,
911 2087 986 2149 qnos
1012 2065 1138 2150 antehae
1159 2065 1344 2151 potentiores

325 2195 491 2253 metuerent
526 2195 557 2252 et
590 2187 702 2272 quibas
737 2185 899 2250 ditionibus
927 2185 1097 2252 invidebant
1126 2185 1231 2271 (Vesp.
1266 2185 1346 2268 563)

327 2309 526 2392 (eae-600)
542 2309 577 2391 ¹).

326 2489 394 2569 φέρ’
411 2488 460 2551 ἴδω
477 2485 579 2564 τίγαὶρ
597 2489 650 2551 οὐκ
670 2487 753 2551 ἐστὶν
764 2488 896 2550 ἀκοῦσαι
916 2488 1051 2564 θώπευμ’
1065 2487 1199 2550 ἐνταῦθα
1214 2486 1346 2566 δικαστῇ

327 2603 373 2687 ἆρ’
389 2611 420 2672 οὐ
439 2607 568 2686 μεγάλη
588 2610 673 2671 τοῦτ’
693 2609 757 2670 ἐστ’
777 2607 924 2687 ἀρχὴκαὶ
938 2613 991 2672 τοῦ
1009 2604 1144 2671 πλούτου
1160 2607 1343 2686 καταχήνης

362 2788 489 2870 ,Gaudet
511 2788 644 2875 popplus
667 2787 757 2852 iudex
781 2787 861 2872 quod
882 2795 1002 2855 senatus
1021 2797 1052 2868 et
1069 2788 1213 2880 populns,
1237 2789 1344 2876 siqua

326 2909 362 2974 de
384 2931 417 2972 re
439 2907 579 2973 dubitent
602 2929 667 2974 eam
689 2907 727 2980 ad
751 2907 868 2985 iudices
891 2908 1049 2977 remittant
1065 2911 1116 2994 ,(1.
1140 2909 1229 2996 500).
1270 2909 1346 2996 Tur·

325 3027 448 3114 pissime
481 3026 569 3097 nobis
603 3031 638 3090 ut
667 3027 811 3112 placeant
849 3027 987 3094 serviunt
1020 3026 1254 3114 splendidissimi
1287 3025 1344 3092 riri

326 3147 509 3232 (scindelbena
533 3149 616 3226 ἡμῶν
641 3122 836 3227 πὲρικωνοῦσι
862 3168 892 3214 v.
916 3148 1004 3234 600).

370 3270 465 3336 Poeta
495 3268 590 3355 igitur
624 3266 729 3334 videns
765 3268 840 3349 haee
865 3268 973 3356 populi
1002 3267 1092 3353 vitia,
1123 3289 1141 3332 a
1170 3264 1345 3352 demagogis

325 3389 403 3459 male
432 3393 595 3476 usurpata,
629 3373 787 3460 imminere
818 3387 954 3456 omnium
987 3387 1093 3474 saluti,
1126 3387 1284 3473 profitetur
1313 3406 1345 3451 se

326 3531 491 3594 numquam
515 3508 698 3592 destiturum
720 3526 854 3594 pugnare
876 3513 980 3574 eontra
1002 3487 1117 3594 pesteni
1138 3506 1171 3574 iu
1193 3504 1369 3598 republica*

329 3729 562 3740 ——a-

362 3877 381 3940 ξ)
401 3877 471 3926 Iurat
488 3875 561 3942 citare
578 3872 702 3922 Claudiam
720 3873 745 3925 in
763 3872 862 3938 Eutrop.
880 3871 900 3922 1.
919 3871 978 3920 181:

493 3956 606 4022 Asperius
624 3955 686 4004 nihil
704 3957 740 4004 est
756 3953 858 4014 humili,
875 3969 928 4004 oum
945 3953 1023 4016 surgit
1041 3952 1066 4002 in
1084 3952 1168 4002 altum.

492 4041 584 4091 Cunets
601 4039 668 4098 serit,
684 4039 743 4087 dum
760 4041 843 4085 ennete
860 4037 931 4089 timet
947 4035 1052 4084 desaevit
1069 4035 1094 4082 in
1111 4048 1192 4084 omnes

493 4121 527 4168 Ut
544 4135 569 4170 se
586 4135 651 4184 posse
668 4121 760 4184 potent.
