3374 5232
777 433 817 491 99

332 724 337 736 ⁸
422 646 474 710 κννὶ
498 645 577 718 dira
599 643 804 732 Φνλνθήνοννος
829 637 863 714 ἦν
887 645 1067 723 ὑπερφυῶς,

421 766 504 842 ὑμῶν
527 764 556 828 τ’
581 763 709 844 ἐραστὴς
736 757 770 836 ἦν
794 764 929 837 ἀληθὴς,
954 760 1033 826 ὥστε
1055 764 1108 828 xci

421 887 450 948 ἐν
474 891 553 950 τοῖον
578 882 693 963 salagosa
720 880 858 963 ἔγραφ’.
882 881 1036 957 Ἀθηναῖοι
1061 885 1164 953 κονλοί.

332 1057 471 1122 Ceterum
501 1061 620 1142 tempus
648 1057 735 1120 trivit
766 1055 896 1121 bibendo
924 1079 991 1120 cum
1019 1057 1311 1144 Sitalce(v.414).

274 1175 390 1240 ‘Huius
412 1175 492 1238 filins
514 1173 699 1260 lepidissime
722 1173 874 1239 deridetur
893 1181 926 1240 ut
946 1176 1036 1239 modo
1059 1176 1134 1240 civis
1154 1177 1307 1242 Athenien

287 1293 328 1356 sis
351 1295 450 1358 faetus
482 1313 577 1356 novae
609 1292 723 1376 patriae
756 1290 857 1356 amore
894 1293 1037 1374 flagrans3
1069 1315 1168 1377 neque
1191 1295 1307 1360 occulte

159 1481 162 1488 ,
287 1419 375 1497 poeta
398 1412 549 1496 vituperat
573 1411 732 1496 indignum
758 1411 887 1487 factum,
905 1412 987 1495 quod
1000 1411 1194 1476 Atheniensis
1207 1413 1305 1477 virum

288 1529 448 1593 barbarum
483 1529 578 1592 civem
618 1528 777 1607 fecissent,
819 1530 906 1593 cuius
941 1539 1057 1615 patrem
1091 1530 1129 1594 ad
1162 1530 1308 1596 auxilium

278 1646 444 1720 ¹ferendum
467 1645 659 1740 impellerent.
706 1645 791 1726 Quid
817 1648 897 1712 enim
921 1648 1124 1734 contemptius
1145 1656 1175 1713 et
1192 1650 1309 1714 morda-

289 1766 353 1830 cius
376 1765 436 1829 dici
459 1770 560 1849 posset
580 1787 670 1849 quam
694 1764 768 1828 haec
791 1766 880 1848 (Ach.
904 1789 935 1831 v.
961 1769 1056 1850 lam:

399 1917 412 1980 ὁ
437 1918 462 1980 δ’
486 1918 567 1990 οἷὸς,
597 1914 627 1980 ἓν
652 1917 812 1993 Ἀθηναῖον
838 1921 1049 1997 ἐπεποιήμεθα

400 2037 457 2117 ipa
480 2043 600 2118 Φνγεΐν
625 2038 790 2108 tartaros
816 2039 853 2114 ἕξ
875 2039 1104 2124 Ἀπατουρίων,

399 2157 451 2219 καὶ
478 2155 530 2220 τόν
555 2155 664 2236 πατέρ’
690 2155 852 2233 ἠντεβόλει
877 2157 998 2233 βοηθεῖν
1022 2169 1061 2240 τῇ
1086 2161 1203 2241 aalma.

333 2334 407 2398 Mox
438 2334 497 2398 iam
528 2333 624 2398 aderit
654 2334 798 2399 barbarus
824 2341 858 2399 ut
881 2357 942 2400 una
961 2358 1033 2400 cum
1057 2336 1176 2410 civibus
1200 2339 1309 2404 festum

290 2451 434 2531 celebret,
458 2452 508 2515 cui
530 2452 651 2516 Atticae
673 2460 778 2538 gentes
800 2453 881 2517 solae
905 2453 1048 2518 interesse
1060 2454 1206 2520 solebant.
1242 2456 1312 2542 Ipse

289 2578 389 2656 pater,
409 2577 493 2634 tanto
508 2571 622 2634 honore
642 2569 764 2635 affectus
781 2572 958 2657 pollicetur,
983 2579 1018 2636 ut
1042 2572 1222 2639 beneficium
1246 2574 1311 2639 red·

290 2688 358 2768 dat,
394 2689 487 2754 tantis
521 2711 589 2753 cum
624 2690 721 2775 copiis
743 2690 865 2776 auxilio*¹
886 2697 1062 2770 venturum,
1090 2700 1126 2755 ut
1145 2693 1312 2758 Athenien·

292 2829 338 2874 ses
362 2808 530 2873 exclament
554 2809 596 2892 (r.
624 2810 717 2892 tam:
816 2837 818 2842 ¹

448 2981 514 3049 dosa
539 2987 573 3049 τὸ
596 2993 707 3065 xpina
733 2986 895 3070 τνρνότων
920 2987 1137 3066 προσέρχεται.

337 3141 423 3219 Quae
457 3140 558 3204 omnia
592 3143 730 3224 spectant
764 3137 802 3200 ad
837 3159 885 3216 ea,
921 3159 996 3221 quae
1024 3137 1096 3201 belli
1122 3138 1211 3201 initio
1235 3140 1314 3203 facta

291 3265 385 3324 erant.
432 3257 524 3344 Apud
545 3255 753 3342 Thucydidem
776 3257 857 3320 enim
881 3255 1009 3340 legimus
1033 3255 1114 3339 (Lib.
1132 3257 1184 3334 ΙΙ,
1205 3279 1230 3322 e.
1246 3261 1313 3342 99).

292 3378 492 3443 Athenienses
521 3377 635 3461 legatos
664 3382 694 3440 et
718 3396 840 3439 munera
864 3375 979 3438 misisse
1003 3375 1040 3438 ad
1064 3375 1196 3440 Sitalcen
1218 3377 1310 3441 Thra·

292 3496 353 3560 ciac
387 3517 504 3581 regem,
534 3495 658 3576 eiusque
687 3483 749 3556 filio
778 3493 930 3557 civitatem
955 3493 1073 3557 dedisse
1097 3493 1312 3580 Nymphodori

291 3615 446 3680 cuiusdam
469 3613 629 3678 Abderitae
650 3634 753 3697 opera,
778 3616 813 3674 ut
836 3611 920 3674 illius
943 3611 1057 3674 auxilio
1079 3611 1256 3675 Potidaeam
1279 3612 1311 3675 in

291 3732 441 3796 dicionem
464 3731 634 3816 redigerent
656 3736 686 3793 et
709 3728 798 3793 simul
821 3751 920 3813 regem
944 3727 1119 3793 Perdiccam
1132 3737 1312 3809 corruerent,

292 3855 343 3934 qui
378 3848 554 3914 Corinthios
589 3849 625 3910 ad
660 3847 771 3912 bellum
808 3847 994 3910 accendisset
1032 3846 1137 3930 (Thue.
1170 3847 1221 3925 lt,
1251 3852 1310 3926 29,

293 3973 350 4046 95,
388 3969 475 4050 101).
533 3966 657 4030 Sitalces
699 3966 818 4030 auxiliis
858 3966 1033 4052 promissis,
1076 3972 1144 4049 post
1184 3965 1310 4030 multam

293 4109 404 4152 moram
440 4109 508 4151 cum
544 4086 680 4166 equitum
716 4092 746 4148 et
780 4085 906 4148 velitum
930 4084 1061 4148 exercitu
1091 4083 1243 4167 proiectus
1267 4091 1312 4146 est
