3374 5232
810 453 849 513 59

367 663 489 730 Praeter
517 689 587 730 eum
618 666 728 730 multos
756 666 831 729 alios
865 666 976 744 luisse,
1011 666 1064 751 qni
1091 665 1172 729 idem
1201 667 1346 731 sentirent

274 787 276 794 '
324 792 446 870 apparet
480 808 516 849 ex
544 786 598 865 iis,
634 807 709 870 quac
742 784 870 868 legimus
904 784 984 870 apud
1011 782 1200 849 Andocidem
1225 787 1266 870 (v.
1291 789 1345 871 22)

324 903 479 983 τοινοὶρτοι
517 909 576 967 τῶν
617 903 686 968 νέον
724 905 756 966 ul
798 904 956 983 διοιτριβοιὶ
989 907 1042 968 οὐκ
1084 905 1114 967 ἐν
1152 911 1215 975 τοῖς
1261 929 1345 983 yvu-

326 1024 437 1092 νοισίοις
472 1025 592 1089 ἄλλ’ἐν
620 1033 683 1094 τοῖς
716 1023 919 1103 δικαστηρίοις
947 1024 1005 1088 εἶσὶ
1036 1025 1089 1087 recl
1122 1023 1345 1102 στρατεύονται

325 1147 381 1223 μὲν
402 1147 426 1209 οἱ
447 1145 660 1226 πρεσβύτεροι,
677 1146 880 1225 δημηγοροῦσι
897 1145 924 1209 δ’
935 1146 959 1208 οἱ
979 1146 1111 1226 νεώτεροι
1136 1145 1346 1230 (eludebam.

326 1270 387 1331 600
417 1269 486 1346 ὁρῶν
516 1267 639 1336 πολιοὺς
674 1267 731 1342 μὲν
754 1262 866 1345 ἄνδροις
897 1267 926 1328 ἕν
957 1273 1029 1337 τοιῖς
1058 1263 1185 1343 τάξεσιν
1210 1286 1293 1350 seqq.
1316 1273 1347 1330 et

324 1387 415 1452 Isoor.
439 1386 512 1454 VII.
538 1389 643 1472 48)1).
704 1423 708 1432 ·

368 1506 484 1572 Notum
508 1514 553 1571 est
576 1505 778 1585 Andocidem,
812 1527 905 1570 unum
935 1528 951 1570 e
977 1505 1079 1570 decem
1109 1505 1223 1571 Atticis
1248 1511 1346 1569 orato-

324 1627 408 1694 ribus
427 1628 459 1690 in
477 1626 613 1714 partibus
631 1627 823 1712 optimatium
841 1627 974 1705 stetisse,
999 1634 1029 1690 et
1048 1626 1170 1690 civitate
1188 1625 1298 1691 amissa
1309 1625 1347 1690 ob

325 1746 453 1810 Hermas
480 1745 609 1810 deiectas
639 1767 717 1810 anno
739 1748 801 1810 411
829 1767 895 1810 cum
928 1745 991 1809 eius
1018 1745 1108 1810 factio
1136 1751 1289 1832 superaret
1314 1747 1346 1809 in

323 1865 449 1952 patriam
473 1865 608 1930 rediisse.
631 1864 751 1929 Testem
774 1864 867 1950 igitur
889 1887 958 1929 eum
981 1864 1141 1945 habemus,
1166 1865 1247 1950 quod
1271 1888 1347 1950 quae

323 1991 414 2070 poeta
443 1983 554 2048 dixerit
582 1983 619 2048 de
648 2003 729 2048 noro
760 1983 963 2049 institutionis
995 2007 1118 2070 genere,
1154 2008 1170 2049 e
1198 1986 1347 2050 sententia

323 2104 435 2169 fuerint
463 2093 674 2190 optimatium,
699 2105 812 2190 quippe
836 2106 905 2188 qui,
929 2111 964 2168 ut
987 2105 1054 2183 ille,
1078 2107 1283 2170 existimarent
1295 2127 1346 2170 an-

324 2226 409 2309 tique
440 2225 581 2288 instituta
612 2230 642 2288 et
671 2246 768 2288 mores
798 2225 941 2288 maiorum
977 2231 1095 2288 tantum
1130 2224 1344 2310 rempublicam

325 2365 440 2408 servare
462 2365 565 2428 posse,
590 2343 634 2406 nil
656 2351 758 2407 contra
781 2342 981 2428 perniciosius
1008 2365 1098 2428 quam
1121 2345 1250 2422 γνώριιις
1276 2369 1344 2408 ιιιιι-

323 2463 376 2534 νοὶς
402 2461 600 2541 ἐξευρίσκειν,

322 2619 410 2678 τοῦτο
435 2614 497 2692 γὰρ
521 2615 608 2676 ἀνθεῖ
629 2613 679 2676 διὰ
703 2611 826 2682 τούτους
852 2613 921 2681 τοὺς
947 2614 1090 2686 οὶνοητονρ
1124 2611 1220 2696 (Nuh.
1245 2612 1322 2694 897)

322 2766 433 2850 quibus
463 2764 567 2850 populi
597 2771 683 2828 antea
712 2764 831 2847 quietos
861 2765 977 2828 animos
1007 2763 1165 2844 turbarent
1192 2769 1221 2826 et
1250 2762 1287 2825 ad
1310 2783 1344 2824 ea

322 2886 486 2948 excitarent
511 2883 547 2947 de
570 2883 682 2966 quibus
704 2884 788 2967 prius
810 2905 848 2946 nc
872 2884 1035 2968 cogitasset
1059 2882 1190 2965 quidem.

367 3006 382 3075 i
418 3001 664 3082 ἀπραγμοσύνη,
709 3023 785 3084 quae
823 3003 919 3066 virtus
960 3007 1028 3066 ante
1063 3000 1208 3065 Periclem
1245 3001 1344 3064 fuerat

322 3123 450 3203 civium,
483 3144 591 3207 magno
620 3144 688 3186 cum
719 3122 797 3186 malo
828 3120 1006 3206 reipublicae
1036 3119 1137 3184 urbem
1171 3119 1343 3203 reliquerat.

365 3242 448 3322 Quid
479 3243 574 3327 igitur
600 3243 695 3327 magis
718 3241 776 3305 fuit
808 3264 823 3305 e
852 3241 1001 3305 sententia
1028 3247 1135 3326 poetae
1163 3245 1194 3303 et
1216 3238 1342 3325 optima·

291 3409 295 3416 .
321 3364 398 3426 tium
421 3383 509 3447 quam
534 3361 615 3444 quod
639 3361 766 3440 Demus,
792 3361 891 3436 vitiis,
914 3360 1025 3445 quibus
1052 3358 1267 3445 rempublicam
1296 3380 1343 3422 re·

321 3479 425 3558 rabat,
450 3480 567 3543 omissis
590 3480 691 3564 quiete
713 3481 776 3566 ipse
803 3479 927 3558 beatus,
957 3499 1054 3564 neque
1086 3479 1153 3543 aliis
1181 3478 1339 3556 molestus,

322 3599 483 3683 aliquando
506 3599 619 3663 diceret
642 3604 677 3661 ut
700 3603 745 3662 est
768 3599 799 3663 in
823 3599 941 3683 Equiti.
968 3602 1008 3682 (v.
1036 3599 1149 3681 1389):
1219 3655 1221 3660 .

500 3748 651 3827 ροοιιιοέριος
677 3749 706 3818 ἕο
731 3750 875 3828 τοὶρχοιῖοι
899 3750 934 3822 δη
959 3747 1153 3823 ιιοιθίστιιριιιι

355 3994 372 4053 Ι)
400 3993 511 4055 (Acbnrn.
531 3992 587 4044 716.
608 3989 686 4047 λάλος
703 3987 717 4036 ὁ
736 3990 765 4038 K
766 3991 863 4040 λιινιόυ
881 3995 1050 4042 annumeratur
1067 3991 1104 4040 illi
1121 3992 1253 4052 iuventuti,
1271 3992 1340 4040 cuius

317 4073 475 4138 sophistarum
498 4073 632 4138 praeceptis
650 4076 702 4122 orta
723 4073 855 4137 procacitas
881 4075 905 4122 ct
932 4072 1092 4122 intolerabilis
1117 4074 1250 4136 srrogmtin
1273 4074 1340 4122 rebe-

316 4159 407 4206 menter
424 4155 548 4206 eniesbsnt
565 4157 684 4216 seniores.)

725 4291 926 4300 ...-—----
