3374 5232
830 438 870 499 62

343 654 460 733 sertim,
500 637 582 738 quod
615 651 690 716 socii
727 657 907 737 peterentur.
964 649 1010 714 Ut
1042 651 1137 736 igitur
1176 650 1363 714 Athenarum

342 773 512 858 frangerent
542 770 620 836 vires
649 770 746 857 primo
772 770 928 856 postulant
957 770 1012 842 rba
1036 768 1144 834 ἔλνσνν
1169 771 1228 834 τῶν
1244 769 1363 847 ἐναγῶν

334 893 364 958 ·i.
381 914 409 958 s.
428 888 723 969 Alcmaeonidaram,
748 911 808 973 qno
825 889 973 954 Periclem
994 889 1066 954 urhe
1084 897 1252 969 moverent,
1276 889 1365 955 euius

342 1012 437 1078 duotu
464 1009 604 1097 inprimis
633 1009 750 1090 floreret
779 1015 810 1073 et
838 1030 897 1092 quo
928 1015 1050 1074 auotore
1073 1008 1226 1076 decretum
1250 1009 1364 1074 fastum

342 1137 421 1198 esset
443 1136 548 1194 eontra
570 1128 778 1213 Megarenses3
802 1127 929 1208 deinde,
952 1127 1118 1193 Corinthiis
1140 1128 1279 1215 inprimis
1297 1150 1363 1193 sua·

343 1248 483 1316 meeber
516 1255 552 1316 ιιι
585 1247 784 1313 Athenienses
814 1247 991 1313 Potidaeam
1021 1248 1243 1333 relinquerent,
1281 1270 1364 1334 prae·

343 1376 438 1449 terea,
470 1375 505 1434 ut
534 1368 685 1453 Aeginam
712 1366 838 1432 liberam
869 1389 932 1432 esse
963 1368 1112 1446 sinerent3
1143 1373 1296 1453 postremo
1330 1373 1370 1446 ut,

342 1487 472 1574 legimus
491 1484 759 1564 1.1.μνὶλνστνιγε
774 1486 897 1551 πάντων
914 1487 965 1550 κν)
984 1487 1176 1562 ἐνδηλότντνν
1194 1489 1364 1568 προῦλεγον

344 1609 378 1672 τὸ
408 1609 476 1688 esp
506 1607 679 1686 Μεγαρέων
712 1609 869 1688 ψήφισμα
900 1609 1062 1672 καθελοῦσι
1091 1611 1136 1685 μιν
1158 1606 1197 1672 ἂν
1220 1609 1363 1685 γενέσθαι

344 1725 492 1806 πόλεμον.
526 1729 551 1791 oi
583 1728 614 1792 δὲ
645 1729 798 1802 Ἀθηναῖοι
831 1728 901 1793 οὔτε
932 1726 1042 1792 τᾶλλα
1066 1731 1214 1803 ὑπήκουον
1237 1729 1307 1793 οὔτε
1329 1729 1364 1791 τὸ

345 1849 502 1930 ψήφισμα
525 1849 681 1930 relapsus.

390 1967 453 2053 Qui
482 1967 584 2032 ultimi
613 1974 759 2033 venerunt
787 1969 896 2054 legati,
927 1969 1110 2034 nuntiabant
1145 1969 1255 2035 bellom
1282 1971 1365 2048 fore,

346 2090 405 2155 nisi
437 2090 634 2156 Athenienses
661 2111 763 2154 omnes
787 2088 1093 2154 Lacedaemoniorum
1115 2091 1214 2155 eooios
1236 2091 1367 2155 inteotes

346 2208 556 2294 relinquerent.
602 2208 672 2289 Qua
705 2208 742 2272 de
777 2231 809 2274 re
842 2208 973 2274 comitiis
1002 2208 1107 2288 factis,
1138 2207 1252 2273 divisae
1282 2215 1367 2272 erant

348 2328 513 2392 sententiae
547 2328 779 2393 Atheniensium
812 2329 846 2392 in
879 2334 1037 2412 utramque
1070 2336 1185 2414 partem
1220 2331 1269 2414 (ὡς
1303 2330 1365 2410 χρὴ

345 2454 513 2524 πολεμεῖν,
539 2449 591 2512 aet
616 2449 653 2518 ὦς
678 2449 722 2522 μὴ
747 2449 884 2524 ἐμποδὼν
909 2445 986 2512 sirm
1011 2451 1046 2513 τὸ
1069 2450 1227 2529 ψήφισμα
1250 2451 1364 2530 εἰρήνης

344 2565 432 2631 ἀλλὰ
464 2567 640 2651 ueterrima
673 2589 743 2632 mox
771 2574 873 2632 tamen
903 2568 1028 2654 perfeoit
1061 2569 1205 2648 Pericles,
1229 2575 1264 2633 ut
1286 2569 1369 2655 prior

345 2687 491 2766 unoerm,
514 2686 568 2750 illa
587 2687 753 2774 composite
771 2688 908 2754 oratioue
924 2688 1092 2757 luculenter
1110 2711 1277 2775 exponens,
1298 2690 1368 2753 abo

344 2805 483 2874 libionem
516 2806 694 2891 populisciti
722 2805 833 2872 bellum
863 2829 925 2872 non
955 2830 1138 2888 aversuram,
1171 2809 1223 2874 sed
1246 2809 1367 2887 stetim,

346 2925 372 2990 si
394 2925 533 2992 raderent
556 2926 773 3005 Athenienses,
795 2925 1050 2992 Lacedaemonios
1073 2928 1176 2993 adfore
1197 2935 1234 2992 ut
1255 2930 1369 3014 majora

346 3047 532 3130 postularent
551 3045 643 3132 (ἄλλο
662 3070 692 3110 st
715 3046 819 3128 μεῖζον
842 3049 1111 3128 torrentiorem,
1136 3051 1173 3120 ὡς
1197 3047 1289 3130 Φόβῳ
1315 3048 1368 3113 nal

347 3172 437 3232 τοῦτο
462 3166 720 3252 uuaruicenses).
768 3166 817 3232 Ne
846 3167 942 3253 igitur
972 3175 1114 3255 putarent
1148 3169 1184 3233 de
1214 3157 1323 3255 parvis
1339 3192 1370 3236 se

347 3288 553 3354 dimieaturos.
600 3287 803 3369 Quamobrem
821 3309 882 3352 non
898 3287 1065 3355 sedendum
1091 3288 1144 3356 sed
1160 3293 1281 3353 strenue
1295 3310 1369 3374 pug-

347 3410 501 3489 nandum,
530 3432 569 3474 ne
593 3408 668 3474 urbs
689 3408 753 3474 suis
774 3406 1048 3472 viribusdiffislere
1071 3407 1235 3474 videretur.
1280 3406 1370 3472 Hane

348 3531 527 3605 sententim
557 3531 633 3610 viri,
658 3529 712 3614 qui
734 3526 917 3614 reipublioae
948 3529 1040 3594 decus
1062 3528 1201 3614 inprimis
1222 3525 1371 3591 tuendum

349 3622 412 3715 esse
445 3649 602 3729 trussebot,
647 3648 770 3712 minime
803 3647 982 3732 approbasse
1017 3647 1093 3712 mihi
1120 3647 1240 3712 videtur
1267 3651 1369 3731 poeta,

350 3768 403 3834 sed
445 3767 548 3854 potius
585 3767 705 3832 stetisse
747 3764 784 3836 ab
817 3765 897 3844 illis,
940 3767 994 3852 qui
1028 3771 1182 3833 eanserent
1218 3765 1370 3831 decretum

350 3909 414 3953 esse
437 3885 657 3972 antiquandum
677 3908 716 3950 ne
732 3908 822 3950 causa
841 3886 926 3950 fieret
944 3884 1035 3966 belli,
1053 3887 1228 3970 intorques
1246 3883 1370 3949 Nieiam

351 4012 529 4090 aetatesque
556 4007 719 4092 optimates
739 4004 834 4070 fuisse
856 4026 948 4091 prope
970 4011 1101 4087 eertum,
1125 4028 1221 4091 quum
1243 4004 1370 4070 Periclis

351 4124 515 4196 armarii
542 4123 621 4194 nihil
651 4125 750 4212 magis
776 4130 936 4212 superent,
972 4147 1063 4210 qnam
1097 4126 1131 4190 in
1159 4125 1239 4191 Paeo
1270 4126 1371 4190 vivere
