3374 5232
789 465 829 527 89

301 683 435 747 lubidine
458 683 548 768 genio
572 682 728 767 indulgere
755 681 898 746 solebant.
945 681 1038 746 Felici
1054 682 1154 747 reditu
1174 685 1319 768 pristinae

301 802 435 867 lactitiae
451 811 481 866 et
501 802 676 866 deliciarum
690 801 891 866 abundantiae
904 810 1021 882 motus,
1042 809 1194 887 tamquam
1208 804 1320 889 optimc

304 919 441 984 meritum
466 920 502 984 de
525 921 624 1005 patria
646 920 772 985 laudant
795 921 994 1007 Dicaeopolin
1019 925 1059 1004 (v.
1086 925 1201 1009 1008):

591 1124 671 1205 ζηλῶ
696 1149 731 1187 σε
753 1131 808 1196 τῆς
840 1125 1006 1201 εὐβουλίας

594 1248 718 1321 μᾶλλον
743 1245 773 1308 δὲ
799 1223 1019 1325 τῆςέὐωχίας

597 1362 751 1444 ἄνθρωπε,
780 1371 835 1436 τῆς
865 1364 1031 1443 παρούσης.

351 1563 495 1648 Undique
531 1570 715 1628 concurrunt
745 1563 782 1626 ad
805 1585 889 1639 eum,
916 1573 949 1626 ut
972 1564 1111 1627 fruantur
1136 1564 1219 1649 pacis
1242 1587 1322 1628 com·

309 1684 415 1747 modis.
440 1682 599 1767 Agricola,
623 1682 672 1744 cui
694 1680 804 1745 Boeoti
831 1681 963 1745 latrones
988 1682 1124 1746 vacculas
1147 1683 1324 1767 eripuerunt

308 1803 419 1867 iniecta
454 1825 484 1866 re
519 1801 598 1866 redit
627 1800 773 1865 demissus
801 1823 818 1863 a
850 1800 1026 1886 Dicaeopoli
1056 1801 1233 1886 perhibente
1263 1824 1322 1865 non

309 1919 428 2006 publico
463 1920 586 1984 consilio
615 1941 718 2005 pacem
752 1941 816 1982 esse
852 1921 961 1984 factam
992 1921 1032 2004 (v.
1060 1923 1156 2002 1030)
1182 1928 1213 1984 et
1235 1943 1324 2007 parce
1410 1956 1413 1964 ·

308 2061 339 2103 se
363 2039 430 2104 aliis
454 2039 607 2124 impertire
630 2061 707 2123 quae
730 2062 785 2103 aua
808 2039 866 2102 sibi
890 2036 1038 2124 sapientia
1060 2040 1219 2125 pepererit.
1253 2040 1322 2122 Quo

309 2159 404 2242 magis
435 2159 525 2222 etiarn
555 2158 691 2221 accendit
721 2157 803 2221 chori
836 2157 1008 2243 cupidinem
1032 2159 1103 2242 qui,
1127 2180 1221 2242 quum
1245 2159 1327 2222 videt

309 2299 379 2340 eum
414 2277 582 2355 iubentem,
618 2284 652 2340 nt
679 2298 770 2340 coena
798 2285 920 2360 paretur
946 2285 977 2339 et
1008 2276 1128 2356 tardos,
1160 2277 1321 2362 anguillas,

308 2397 432 2479 alasque
456 2396 578 2460 delicias
602 2395 753 2482 expositas
774 2395 933 2480 impatiens
956 2396 1325 2481 vociferatur(v.104⁴l):

579 2585 759 2660 ἀποκτενεῖς
784 2585 864 2662 λιμῷ
887 2606 929 2659 με
958 2582 1010 2645 καὶ

580 2706 649 2775 τοὺς
673 2704 816 2780 yar‘roacc
842 2704 928 2782 urica
949 2727 983 2766 aa
1005 2704 1056 2765 aa)

577 2831 664 2903 Φωνῇ
687 2830 820 2887 catabra
846 2821 982 2886 λάσκων.

357 3012 518 3097 Nusquam
548 3011 689 3076 disertius
721 3009 832 3074 bellum
863 3020 893 3074 et
917 3011 979 3074 Pax
1003 3010 1081 3075 inter
1104 3031 1135 3075 se
1159 3034 1330 3098 comparau-

315 3142 364 3197 tur
396 3155 484 3216 quarn
517 3132 548 3194 iu
579 3132 637 3194 fine
668 3130 784 3194 fabulae
813 3129 865 3194 ubi
895 3119 1082 3215 Dicaeopolis
1117 3136 1199 3194 totus
1231 3133 1329 3196 estin

315 3249 412 3336 epulis
446 3260 476 3313 et
507 3249 610 3327 festis,
641 3247 809 3312 Lamachus
833 3254 937 3311 contra
960 3271 978 3312 a
1001 3249 1187 3332 praetoribus
1210 3250 1332 3316 iubetur

315 3369 487 3435 cohortibus
522 3376 552 3431 et
585 3368 683 3430 cristis
717 3368 827 3431 sumtis
862 3365 984 3430 nivibus
1018 3368 1146 3432 obrutus
1182 3371 1331 3434 montium

315 3490 415 3555 aditus
439 3487 590 3552 custodire
615 3495 719 3550 contra
741 3487 871 3550 latrones
894 3485 1043 3565 Boeotos,
1068 3486 1214 3572 impetum
1238 3488 1333 3552 factu·

316 3633 365 3674 ros
401 3609 457 3672 sub
492 3608 555 3672 dies
589 3607 681 3670 festos
719 3606 993 3670 Anthesteriorurn.
1033 3607 1117 3670 'lunc
1152 3607 1333 3672 fortissimus

318 3727 403 3791 miles
430 3734 460 3791 et
488 3748 605 3812 pugnae
634 3725 857 3789 amantissimus
889 3724 982 3788 laetos
1005 3726 1149 3790 festorum
1177 3737 1335 3812 apparatus

316 3867 458 3924 cernens,
483 3844 653 3908 tristissima
676 3866 751 3908 voce
776 3847 817 3927 (v.
844 3846 959 3927 1078);

475 4027 506 4090 ἰώ
532 4025 701 4104 στρατηγὼ
728 4022 865 4093 πλείονες
890 4023 905 4095 ἢ
933 4021 1104 4099 βελτίονες.

476 4148 508 4208 οὐ
530 4145 614 4208 δεινὰ
640 4146 683 4220 μὴ
710 4139 819 4218 'Salvae'
842 4166 882 4218 με
907 4141 980 4219 μηδ’
1003 4141 1166 4219 {epauleum
