3374 5232
801 422 840 484 31

349 627 464 712 ὦγαθοὶ
494 631 563 704 sios
593 633 651 709 μὲν
678 633 831 704 Λάκωνας
862 635 994 700 ἑκποδιδν
1018 636 1136 701 ἐάσατε

346 757 404 821 τῶν
431 755 540 830 δ’ἑμῶν
564 753 697 818 σπονδῶν
721 751 874 822 ἀκούσατ’
899 739 926 820 si
949 759 1053 828 καλῶς
1082 755 1288 834 ἐσπεισάμην.

355 919 563 1006 Quamquam,
594 917 655 999 eit,
685 939 723 983 ne
749 917 783 983 id
812 917 937 1003 quidem
966 917 1054 983 eredo
1080 919 1332 985 Lacedaemonios

316 1033 369 1127 (οἷς
405 1038 492 1117 ἄγαν
531 1035 713 1125 ἐγκείμεθα)
753 1037 888 1103 omnium
922 1037 1070 1104 malorum
1100 1061 1163 1104 esse
1195 1045 1333 1106 auctores

312 1159 364 1224 sed
393 1160 486 1225 etiam
514 1157 715 1224 Athenienses
737 1157 841 1245 eulpae
863 1180 924 1224 non
947 1180 1011 1223 esse
1034 1166 1170 1246 expertas
1193 1157 1332 1226 arbitror.

312 1277 433 1360 Quibus
450 1279 552 1346 verbis
568 1277 716 1345 inauditis
731 1277 940 1344 Achomenses
957 1279 1151 1346 vehementer
1161 1279 1334 1346 irascuntur

313 1403 370 1486 (vs.
396 1403 485 1486 alo).

357 1547 361 1556 ’
387 1554 477 1615 τοῦτο
503 1549 615 1621 τοῦπος
641 1534 733 1614 δεινὸν
757 1548 811 1624 ἤδη
836 1550 889 1613 καὶ
915 1548 1150 1631 ταραξικάρδιον

386 1673 412 1734 εἰ
439 1671 477 1735 τὺ
500 1669 667 1748 τολμήσεις
695 1669 769 1750 ὑπὲρ
794 1661 853 1734 τῶν
884 1666 1040 1750 πολεμίων
1066 1673 1140 1750 ἡμῖν
1163 1670 1281 1750 λέγειν.

356 1817 506 1900 Quamvis
535 1825 599 1884 erat
627 1817 829 1905 periculosum
860 1817 1108 1890 Lacedaemoniis
1129 1821 1231 1892 iovem
1254 1821 1335 1910 quod

311 1961 404 2026 prope
439 1946 504 2005 erat
539 1938 621 2004 idem
659 1961 694 2003 ao
739 1936 844 2026 populi
881 1938 1082 2006 dominationi
1115 1939 1336 2040 adversaries

312 2057 451 2145 inprimis
477 2073 627 2145 tempore,
662 2080 731 2123 oum
763 2057 886 2146 insuper
917 2059 1093 2124 accessisset
1123 2059 1227 2126 odium
1258 2058 1335 2126 bello

312 2185 431 2256 ortum,
452 2185 552 2243 tamen
575 2178 780 2265 Diuaeopolis,
804 2179 904 2265 eapite
915 2179 948 2244 in
959 2185 1068 2244 tnmoo
1079 2179 1209 2244 lanionis
1219 2178 1333 2265 posito,

312 2319 374 2382 quo
392 2297 562 2383 perieulum
579 2297 749 2363 ostenderet
767 2305 873 2384 poeta,
897 2297 1079 2364 sententiam
1095 2319 1181 2364 susm
1200 2299 1237 2364 de
1253 2297 1334 2364 bello

312 2425 345 2481 et
373 2417 514 2484 hostibus
544 2417 643 2484 dioere
672 2440 763 2484 ausus
789 2425 836 2487 est
865 2419 897 2484 in
925 2440 1025 2484 seona.
1070 2417 1178 2484 Libere
1212 2440 1333 2484 oensem

312 2537 378 2624 agit
400 2539 488 2623 (vers.
513 2539 600 2623 869).

425 2687 504 2766 λέξω
531 2687 558 2751 δ’
570 2690 645 2770 ὑπὲρ
669 2689 941 2768 Λακεδαιμονίων,
970 2687 991 2754 o‘i
1015 2713 1066 2767 μοι
1091 2689 1175 2753 δοκεῖ

422 2809 521 2874 καίτοι
551 2809 671 2876 δέδοικα
695 2812 813 2876 πολλοὶ.
838 2813 908 2883 πούς
933 2835 968 2876 τε
991 2809 1054 2892 γὰρ
1078 2808 1206 2890 τρόπους

422 2929 492 3000 τοὺς
515 2935 575 2995 τῶν
598 2931 749 3013 ἀγροίκων
773 2926 841 2997 οἶδα
865 2929 1034 3012 χοὶιροντας
1058 2929 1181 3012 σφόδρα

424 3049 477 3115 εὀὶν
500 3075 547 3124 τις
572 3053 684 3124 αὐτοὺς
707 3053 823 3135 εὐλογῇ
846 3051 899 3118 καὶ
923 3052 978 3126 τὴν
1000 3051 1092 3120 πόλιν

420 3171 495 3252 οὶνδιρ
518 3171 642 3256 οὲλαζιδν
665 3173 718 3237 καὶ
743 3172 850 3238 δίκαιον
876 3171 1002 3240 κᾶδικα.

422 3295 584 3360 κάνταῦθα
606 3291 790 3359 λανθανονσ’
812 3295 1174 3374 ἀπεμπολώμενοι.

355 3443 503 3528 Quamvis
532 3443 646 3531 populo
675 3445 737 3512 sint
765 3443 867 3512 odiosa
898 3466 976 3529 quae
998 3445 1097 3528 dieat,
1121 3448 1330 3530 quantumque

310 3563 480 3650 pericnlum
510 3563 639 3629 dicendo
669 3565 817 3631 insnum
844 3565 1003 3636 contrahat
1031 3569 1138 3652 eaput,
1168 3570 1268 3634 tamen
1297 3585 1329 3628 se

310 3705 382 3750 vera
403 3690 435 3750 et
453 3687 537 3772 justa
559 3683 747 3751 eioouturum
769 3686 938 3772 profitetur.

510 3853 571 3930 ἐγὼ
594 3852 625 3916 δὲ
650 3850 730 3930 λέξω
755 3854 841 3918 δεινοὶ
862 3855 920 3932 μὲν
942 3853 1049 3921 δίκαιοι
1073 3853 1116 3918 δὲ.

354 3997 430 4064 Inde
460 3998 597 4083 sequitur
627 4001 738 4096 oratio,
762 4021 841 4086 quae
860 4025 887 4066 e·
901 4002 1050 4068 sententia
1071 4008 1177 4089 poetae
1199 4023 1235 4068 eo
1257 4021 1328 4066 oon·

310 4115 378 4182 silio
400 4115 504 4182 habita
531 4139 594 4181 esse
620 4118 757 4199 videtur,
781 4127 818 4185 ut
840 4119 954 4186 civium
976 4121 1070 4186 animi
1096 4121 1328 4209 mitigarentur,
