3374 5232
837 417 879 478 92

351 638 422 706 ant;
459 631 566 696 deinde
597 630 700 717 populi
731 629 828 715 ipsius
859 630 882 692 si
913 651 971 715 pax
998 630 1065 708 fiat,
1091 630 1165 694 vitia
1192 636 1371 695 evanescent

353 756 393 839 (v.
419 754 513 836 349):

375 933 565 999 κούκέτ’.ο”ιι
593 937 627 1010 μ’
658 932 751 1013 εὕροις
778 935 927 1006 δικοιστίρι
951 934 1055 1012 δριμὺν
1079 934 1143 997 οὐδὲ
1170 934 1315 996 δύσκολοι

374 1054 440 1118 οὐδὲ
463 1056 533 1125 τοὺς
553 1054 680 1133 τρόπους
707 1079 746 1131 γε
766 1054 859 1127 δήπου
885 1052 1026 1132 σκληρόν,
1051 1051 1151 1133 ὥσπερ
1175 1054 1228 1116 aui
1244 1050 1300 1131 τρὸ
1316 1058 1368 1117 τοῦ

374 1178 449 1238 ἀλλ’
473 1175 597 1258 dranis
620 1172 658 1237 clu
682 1175 717 1250 μ’
739 1173 811 1243 ἴδοις

375 1296 426 1359 aul
452 1296 532 1359 πολὺ
557 1295 706 1374 νεώτεροι.

374 1415 612 1493 demandatum
636 1415 845 1493 τροιγροοέτωι,

398 1595 477 1661 Nam
504 1593 619 1659 bellum
646 1594 762 1658 utiam
786 1617 877 1680 supra
899 1595 1033 1658 vidimus
1056 1593 1371 1680 faciebatutpopulus
1409 1583 1415 1599 ’

354 1714 455 1780 labore
493 1713 610 1778 solutus
644 1713 732 1777 facile
765 1713 879 1776 victum
918 1721 1073 1797 quaereret
1106 1713 1244 1779 mercede
1277 1736 1370 1798 quam

359 1833 466 1897 invitis
500 1832 697 1918 optimatibus
723 1834 774 1918 jus
810 1831 912 1896 dicens
947 1831 1086 1896 lubenter
1116 1832 1292 1918 accipiebat.
1339 1833 1372 1896 Si

357 1975 413 2037 pax
438 1951 540 2016 omnia
561 1952 591 2015 in
616 1952 770 2037 integrum
795 1951 988 2030 restitueret,
1013 1973 1082 2015 mor
1110 1950 1193 2037 plebs
1210 1952 1270 2022 alia
1284 1952 1371 2018 habe·

354 2079 416 2150 ret,
456 2093 533 2154 quae
572 2072 683 2136 laceret
722 2078 752 2134 et
790 2072 816 2133 si
855 2071 917 2133 iam
951 2092 1052 2161 nunc,
1089 2071 1163 2135 dicit
1199 2071 1372 2156 Trugaeus,

354 2191 486 2276 populns
507 2191 592 2254 vitiis
611 2190 809 2269 abstinuerit,
825 2190 889 2274 ipsa
901 2189 965 2252 Pax
977 2188 1057 2252 ultro
1070 2191 1171 2254 veniet
1185 2190 1265 2273 (Pac.
1280 2192 1370 2274 503):

513 2369 564 2432 acci
595 2375 658 2438 τοῖς
690 2366 874 2441 Ἀθηιοιίοιοι
900 2366 1081 2430 racemum
1106 2367 1189 2443 λέγω

511 2489 647 2551 ἐντεῦθεν
671 2487 849 2565 ἐχομένοις,
875 2481 938 2549 ἔδει
966 2490 1015 2548 νῦν
1044 2484 1153 2549 ἕλκετε

509 2608 590 2672 οὐδὲν
619 2608 681 2687 γὰρ
704 2606 784 2670 ἄλλο
812 2608 903 2685 δρέιτε
930 2609 1010 2678 πλὴν
1041 2604 1192 2687 δικοὲζετε.

400 2788 503 2869 Quum
531 2789 610 2851 enim
639 2793 760 2872 propter
787 2787 883 2872 ipsam
905 2785 1144 2851 iurisdictionem
1168 2788 1297 2873 populus
1321 2788 1372 2852 ob·

355 2909 465 2972 noxius
495 2915 572 2971 esset
606 2906 780 2992 demagugis
811 2906 896 2969 nullo
932 2906 1020 2969 modo
1050 2929 1153 2992 pacem
1186 2908 1251 2971 fieri
1285 2931 1371 2993 posse

356 3025 530 3112 expectabat
554 3033 643 3111 poeta
668 3027 725 3090 nisi
749 3025 880 3112 populns
900 3005 944 3088 ab
961 3025 1013 3088 illa
1032 3025 1205 3090 abstineret.
1241 3028 1372 3107 Quamc-

356 3146 437 3211 brem
469 3145 542 3209 Paci
577 3146 664 3210 divae
699 3145 859 3232 Euripides
893 3147 1009 3209 invisus
1038 3145 1119 3229 quod
1153 3147 1248 3211 verbis
1271 3154 1374 3212 utatur

356 3266 522 3330 iudiciariis
548 3265 613 3350 (cfr.
639 3268 731 3349 528):

501 3444 618 3517 τούτοις
645 3443 928 3522 κοτοοφεοδόριειος.
952 3447 984 3506 οὐ
1012 3444 1074 3520 wip
1104 3443 1209 3517 ἥδεται

506 3561 584 3636 οὗτοι
609 3574 718 3643 actarii
745 3563 900 3643 ῥηματίων
925 3565 1082 3626 trauersae

919 3683 993 3767 (Ofr.
1019 3683 1089 3748 Eur.
1114 3685 1258 3750 Androm.
1283 3689 1371 3770 445).

407 3862 560 3926 Praeterea
586 3886 646 3948 pax
675 3864 850 3927 nouaclum
876 3864 977 3928 multis
1000 3865 1086 3928 malis
1108 3865 1246 3930 liberabit
1271 3865 1371 3930 urbem

357 3981 409 4046 sed
442 3982 536 4045 multa
570 3982 647 4047 bona
681 3983 708 4047 ei
742 3983 844 4048 efferet
878 3984 989 4068 quibus
1021 3985 1165 4050 destituta
1194 3987 1356 4073 languebat
1363 4013 1371 4063 ;

283 4093 288 4101 ’
357 4103 421 4187 agri
445 4102 597 4166 saeviente
624 4103 703 4166 bello
726 4103 834 4167 inculti
858 4104 1019 4169 reddentur
1042 4106 1189 4185 dominis,
1214 4109 1274 4171 iam
1296 4109 1371 4172 revi-
