3374 5232
796 443 835 504 51

301 652 391 716 avida
419 674 534 717 summa
560 653 695 739 potentia
725 654 763 719 de
790 676 821 717 se
849 654 920 719 data
942 654 983 718 sit
1005 653 1080 718 viris
1102 650 1314 737 nequissimis,

301 771 353 852 qui
377 771 495 850 odium,
519 773 606 856 quasi
629 780 734 836 natura
755 772 834 836 inter
856 771 971 836 nobiles
990 779 1020 836 et
1037 770 1153 858 plebem
1166 770 1314 850 existens,

301 889 369 953 ideo
401 890 495 977 magis
523 891 706 971 accendant,
736 901 769 956 ut
791 891 852 977 ipsi
873 891 963 958 libere
986 892 1122 956 saeviant
1144 898 1174 956 et
1195 911 1314 976 rempu-

301 1007 409 1073 blicam
436 1009 614 1078 disturbent.

345 1129 440 1194 Probe
464 1131 544 1195 enim
567 1131 694 1196 scientes
705 1131 850 1218 populum
862 1131 900 1195 ad
911 1132 1011 1195 omnia
1027 1130 1174 1196 credenda
1185 1149 1315 1218 pronum

302 1272 365 1315 esse
395 1272 511 1337 semper
539 1251 572 1315 in
599 1273 650 1315 oro
681 1250 831 1316 hebebant
853 1250 1077 1316 accusationem
1099 1248 1317 1316 coniurationis

302 1377 405 1434 contra
434 1369 536 1457 populi
566 1393 692 1458 regnum
723 1373 751 1456 (ἡ
779 1369 954 1442 κατάλυσις
983 1376 1037 1435 τοῦ
1060 1371 1168 1456 δήμου)
1199 1376 1235 1435 ut
1256 1369 1317 1434 fao·

302 1489 414 1554 tionem
437 1491 629 1576 optimatium
652 1499 822 1577 suspectam
844 1492 1010 1559 redderent.

347 1607 396 1672 Sic
422 1608 516 1674 Cleon
539 1610 682 1674 auxilium
704 1611 868 1696 implorans
890 1611 1042 1692 iudicum,
1067 1612 1121 1698 qui
1143 1610 1182 1675 ob
1204 1630 1315 1675 merce·

303 1727 371 1792 dem
393 1728 421 1792 ei
443 1735 528 1794 erant
550 1729 805 1810 coniunctissimi,
828 1731 975 1796 exclamat
998 1732 1067 1818 (blq.
1090 1732 1183 1815 257):

381 1910 599 1988 acpcdondsld'
614 1912 653 1981 ὥς
673 1912 725 1975 ὑπ’
739 1912 851 1989 ἀνδρῶν
870 1911 1031 1988 τύπτομαι
1052 1910 1241 1988 ξυνωμοτῶν.

303 2129 385 2187 etv.
409 2126 472 2188 475
497 2123 630 2188 minatur
653 2122 832 2207 Equitibus:

347 2241 478 2320 ,stasim
501 2241 539 2306 ad
561 2249 696 2306 senatum
720 2243 845 2307 referam
869 2243 906 2306 de
929 2243 1067 2308 omnium
1089 2240 1195 2304 vestris
1214 2239 1318 2303 coniu-

303 2361 472 2425 rationibus
503 2369 533 2425 et
563 2363 719 2427 nocturnis
750 2362 949 2426 conventibus
973 2369 1003 2426 el
1025 2361 1107 2445 quod
1129 2382 1199 2425 cnm
1220 2359 1320 2424 Medis

302 2486 332 2544 et
354 2503 422 2567 rege
449 2491 502 2545 aut
524 2481 631 2545 Boetia
652 2481 769 2544 faciatis
793 2488 899 2545 contra
920 2479 1045 2545 salutem
1067 2477 1194 2567 populi”

345 2601 481 2664 Primum
510 2600 542 2664 in
573 2622 691 2664 scenam
721 2600 896 2685 prodeuntis
925 2599 1126 2686 Paphlagonis
1148 2600 1221 2664 haec
1243 2605 1316 2663 sunt

301 2719 390 2784 verba
413 2720 483 2805 (aq.
508 2723 599 2803 ast:

456 2900 488 2963 οὔ
510 2923 555 2964 τοι
582 2899 630 2977 μοι
658 2901 728 2971 τοὺς
748 2900 864 2964 δώδεκα
885 2901 966 2971 θεοὺς
994 2900 1179 2980 χαιρήσετον

454 3023 517 3095 ὁτιὴ
534 3022 577 3084 'orl
605 3021 646 3100 τῷ
671 3021 755 3100 δήμῳ
784 3021 968 3100 ξυνόμνυτον
992 3021 1105 3086 collus.

343 3235 460 3300 Chorus
493 3255 612 3318 quoque
645 3235 677 3297 in
707 3233 814 3318 Vespis
841 3234 935 3298 iratus
956 3233 1188 3299 Bdelucleonem
1210 3233 1313 3298 convi-

299 3356 355 3420 ciis
383 3353 593 3442 proscindens,
623 3355 704 3436 quod
733 3359 850 3438 patrem
877 3353 1013 3420 indicere
1037 3353 1207 3440 prohibeat,
1236 3352 1313 3418 dicit

299 3477 402 3560 (Vesp.
426 3473 523 3562 olm:

686 3655 963 3736 mmmm

472 3771 556 3848 οὗτος
582 3776 654 3856 ἀνὴρ
684 3778 769 3840 τοῦτ’
781 3775 953 3854 ἐτόλμησεν
974 3775 1080 3853 λέγειν
1104 3777 1130 3838 εἰ

474 3897 517 3974 ol
543 3894 719 3974 ξυνωμότης
743 3919 790 3968 τις
815 3890 860 3969 ἦν.

299 4117 331 4178 et
351 4109 470 4176 Cleonis
492 4107 641 4175 auxilium
656 4109 784 4174 invocat
807 4107 912 4193 (Vesp.
937 4109 1033 4193 410):

1143 4223 1186 4291 4*
