3374 5232
826 411 865 472 al

336 625 439 711 potuit
468 647 570 690 verum
597 646 694 690 rerum
721 630 835 688 statum
858 625 889 688 in
907 623 1007 688 medio
1022 644 1134 709 ponere
1150 627 1357 708 quotempore

336 743 509 829 saepissime
532 743 698 830 conspicias
721 765 821 808 servos
844 765 897 808 sua
920 741 1088 808 calliditate
1111 741 1249 807 dominos
1276 740 1355 809 deei-

336 863 467 950 pientes,
491 863 534 928 ita
551 869 585 928 ut
601 864 681 928 vices
697 869 852 928 mutentur
868 869 898 927 et
909 884 1012 927 servus
1027 883 1129 927 revera
1144 861 1197 926 fiat
1212 859 1355 926 dominus

225 955 239 980 ⁶
337 984 387 1068 (el.
411 983 554 1071 Xenoph.
578 983 615 1049 de
636 1007 699 1071 rep.
723 983 798 1049 Ath.
819 982 851 1063 1,
879 984 941 1068 10).
988 983 1058 1048 Duo
1081 982 1177 1061 servi,
1195 1004 1270 1070 quos
1285 1003 1355 1048 mox

336 1102 458 1167 Niciam
489 1110 519 1168 et
550 1104 783 1170 Demosthenem
815 1124 879 1168 esse
910 1125 1090 1190 cognoscas,
1123 1103 1278 1168 dominum
1311 1102 1355 1168 ita

216 1249 219 1256 ⁴
335 1221 509 1287 describunt
533 1222 663 1308 (Equitt.
690 1226 845 1308 40-43).

734 1403 796 1485 νῷν,
812 1403 874 1483 γὰρ
901 1404 967 1468 ε’ττὶ
993 1401 1143 1478 δετπότνς

506 1521 647 1603 ἄγροικος
672 1523 763 1604 ὀργὴν
785 1524 967 1605 κνκμοτρὼξ
990 1521 1168 1605 οέκρόχολος

510 1651 615 1721 Δῆμος
638 1644 804 1718 πνκνίτνς,
830 1643 975 1710 δύσκολον
1002 1643 1154 1725 γερόντιον

510 1764 671 1846 ὑπόκωφον

380 1947 485 2035 Populi
514 1949 622 2014 inertia
644 1955 675 2015 et
697 1972 782 2015 mens
804 1949 915 2015 stolida
937 1972 1005 2015 cum
1028 1950 1062 2014 iu
1085 1951 1205 2029 senatu,
1230 1953 1295 2013 tum
1319 1948 1352 2022 in

334 2067 465 2133 comitiis
499 2068 671 2156 demagogis
704 2068 847 2156 praebent
878 2051 1023 2156 optimam
1055 2067 1258 2148 occasionem,
1294 2088 1353 2154 qua

334 2185 457 2275 impune
480 2188 623 2254 saeviant.
671 2188 764 2270 Quod
786 2189 901 2254 malum
923 2189 1108 2277 lepidissime
1130 2192 1247 2254 tactum
1264 2171 1353 2253 'iuve-

332 2307 433 2371 nimus
459 2306 512 2372 ubi
539 2308 683 2374 corianus
706 2315 736 2374 et
758 2308 927 2374 insiciarius
950 2309 983 2373 in
995 2331 1081 2374 suam
1093 2310 1222 2395 quisque
1236 2314 1353 2395 partem

333 2433 470 2492 senatum
500 2428 617 2494 trahere
649 2435 814 2494 conantur:
839 2429 956 2494 scilieet
982 2429 1160 2517 amplissimi
1183 2436 1351 2510 senatores,

333 2547 501 2634 superciliis
532 2548 694 2614 contractis
717 2548 847 2615 audiunt
870 2549 1091 2615 accusationem
1118 2549 1352 2630 coniurationis,

334 2691 350 2732 a
379 2667 491 2734 Cleone
522 2674 626 2736 eontra
655 2668 783 2753 Equites
814 2668 959 2749 delatam,
991 2669 1081 2734 solita
1110 2669 1352 2754 vi'eloqueutiae

334 2786 469 2853 adhibita
482 2788 697 2873 (πνόκνότοοτοο
710 2788 830 2867 λέγων,
850 2790 907 2874 Eq.
922 2792 985 2853 628
997 2788 1093 2854 Thue.
1106 2785 1173 2870 ΙΙΙ,
1191 2791 1257 2875 36).
1276 2789 1352 2855 Mox

333 2913 432 3004 tamen
466 2908 553 2987 alter,
586 2908 692 2974 altiore
723 2931 796 2974 voce
826 2909 958 2974 clamans
986 2915 1109 2975 senatus
1140 2909 1240 2975 studia
1266 2910 1298 2974 iu
1321 2932 1352 2974 se

332 3026 423 3090 vertit
449 3028 635 3109 nuntiando,
660 3029 773 3116 aphuas
796 3052 960 3114 numquam
984 3029 1076 3095 fuisse
1098 3029 1218 3094 viliores
1236 3052 1270 3094 ex
1289 3051 1350 3115 quo

330 3143 443 3210 bellum
468 3154 566 3212 ortum
591 3149 641 3214 sit.
688 3148 758 3230 Quo
782 3149 947 3214 laetissimo
969 3151 1078 3214 nuntio
1098 3156 1247 3216 senatores
1266 3159 1351 3217 tanto

330 3264 440 3349 gaudio
475 3266 640 3347 exsultant,
674 3275 708 3332 ut
740 3269 901 3349 Cleonem,
930 3270 1045 3357 legatos
1074 3271 1111 3337 de
1143 3294 1217 3357 pace
1247 3272 1351 3340 adesse

330 3383 478 3450 dicentem
514 3409 551 3451 ne
586 3387 690 3453 audire
725 3389 848 3474 quidem
882 3390 983 3454 velint.
1031 3391 1150 3476 Ecquid
1180 3394 1351 3460 mordacius

330 3504 432 3590 potuit
465 3505 578 3592 fingere
607 3514 696 3593 poeta
725 3509 762 3572 ad
790 3508 946 3574 levitatem
975 3511 1153 3598 carpendam
1182 3535 1302 3595 eorum,
1333 3539 1351 3581 a

330 3623 439 3709 quibus
474 3632 552 3691 sorte
588 3628 713 3708 creatis,
747 3629 891 3714 penderet
924 3629 1106 3716 reipublicae
1136 3632 1235 3698 salus?
1276 3634 1350 3700 June

329 3744 434 3830 populi
474 3745 557 3810 vitiis
592 3746 686 3812 fretus
721 3753 836 3834 poterat
871 3749 983 3815 iactare
1017 3750 1127 3816 Cleon:
1163 3752 1350 3820 adversarios

331 3885 412 3928 meos
439 3886 499 3929 οοο
523 3871 642 3946 metuo,
667 3866 811 3952 quamdiu
834 3873 894 3932 stet
916 3875 1037 3934 senatus
1061 3869 1130 3957 (uq.
1155 3873 1242 3957 395).

411 4044 464 4109 aci
490 4046 525 4109 τὸ
555 4051 609 4110 τοῦ
636 4047 732 4124 δόμον
757 4047 918 4127 πρόσωπον
947 4057 1074 4133 μακκοᾷ
1102 4052 1272 4130 καθήμενον
