3374 5232
814 436 832 499 o

315 653 410 716 uestis
444 651 589 716 coercitae
625 658 698 717 tunc
732 674 841 738 magno
877 673 945 716 cum
978 651 1095 738 impetu
1126 651 1332 738 erumpebant.

315 769 384 857 σοι.
410 770 497 855 ου.)

457 919 526 991 τοὺς
550 917 607 995 μὲν
632 921 748 991 scaete
766 943 804 984 τε
829 920 989 997 κοὶγοιθοὺς
1011 920 1045 983 οὐ
1068 917 1234 1000 προσδέχει

459 1039 573 1104 cccclv
593 1039 829 1120 λυχνοπώλαισι
859 1038 912 1102 xci
945 1036 1168 1121 υευφορροέφοις

459 1157 512 1222 xc>
543 1157 742 1237 σκυτοτόμοις
767 1157 820 1222 aul
844 1157 1095 1238 βυρσοπώλαισιν
1122 1157 1220 1232 δίδως.

357 1305 478 1373 Tertius
496 1307 592 1374 Cleon
613 1306 749 1373 omnium
772 1305 904 1372 maxime
925 1313 1031 1392 poetae
1053 1312 1099 1372 est
1118 1305 1245 1374 invisus.
1269 1307 1335 1374 Iam

313 1425 385 1492 belli
419 1426 509 1492 initio
543 1426 669 1493 Periclis
704 1431 749 1493 est
784 1424 992 1506 advenerim,
1026 1432 1061 1491 ut
1094 1427 1245 1513 populum
1275 1428 1336 1494 sibi

313 1544 480 1632 propitium
509 1544 611 1611 iaciat.
657 1547 747 1612 Anno
770 1548 834 1612 427
860 1543 952 1610 verba
984 1544 1058 1609 iacit
1089 1551 1191 1610 contra
1214 1545 1332 1633 Mytile-

314 1685 424 1745 naeos,
460 1664 539 1730 unde
572 1663 709 1750 inprimis
744 1664 810 1728 eius
845 1662 957 1729 duritia
981 1669 1065 1749 patet
1087 1669 1191 1728 contra
1221 1664 1334 1746 socios,

315 1783 430 1869 quade
452 1807 484 1850 re
507 1784 630 1848 minime
652 1781 682 1848 ei
705 1782 913 1848 consentiebat
936 1788 1035 1868 poeta.
1061 1781 1128 1867 (cfr.
1156 1780 1229 1848 Pac.
1253 1785 1335 1863 935,

317 1905 392 1988 751)
415 1903 492 1969 Cum
515 1903 594 1968 enim
616 1901 667 1967 hic
691 1901 723 1967 in
746 1901 865 1982 fabula,
889 1923 966 1987 quae
989 1900 1196 1988 „Babylonii”
1220 1908 1266 1968 est
1288 1904 1335 1968 in·

315 2023 426 2109 scripta
453 2043 552 2088 coram
582 2022 672 2088 sociis
699 2020 933 2087 Atheniensium
957 2019 1114 2086 civitatem
1137 2021 1334 2109 exagitasset,

315 2148 351 2207 ut
372 2141 500 2228 legimus
522 2143 555 2207 in
577 2141 709 2207 Acbarn.
733 2143 807 2206 645.

316 2290 375 2355 Kal
386 2293 456 2364 τοὺς
469 2291 581 2370 δήμους
595 2292 625 2355 ἐν
637 2299 710 2362 τοῖς
722 2289 850 2355 πόλεσιν
862 2289 987 2369 δείξας,
1005 2293 1043 2363 ὡς
1056 2293 1331 2373 δημοκρατοῦνται.

315 2439 419 2506 statim
450 2439 540 2506 Cleon
575 2462 643 2505 eum
678 2438 842 2505 accusauit.
884 2440 993 2526 Itaque
1028 2441 1194 2506 cavendum
1222 2450 1267 2507 est
1297 2466 1334 2509 ne

315 2559 406 2625 nimis
438 2565 561 2647 poetae,
596 2560 647 2645 qui
680 2559 800 2646 privato
834 2581 956 2645 quoquc
990 2560 1060 2625 odio
1090 2561 1118 2626 ei
1147 2563 1334 2641 succensuit,

316 2680 486 2760 credamus3
510 2701 613 2745 verum
636 2679 728 2745 etiam
751 2678 976 2766 Thucydidem,
999 2680 1036 2745 dc
1058 2680 1145 2746 cuius
1163 2681 1335 2750 sinceritate

315 2823 375 2865 uon
409 2799 630 2881 dubitandum,
663 2798 802 2886 quamvis
835 2797 957 2865 Cleonis
989 2799 1216 2883 aduersarium,
1246 2812 1336 2888 poeto

315 2919 405 2985 babet
443 2927 565 3000 motem,
608 2925 777 2984 narrantem
814 2940 885 2984 eum
923 2918 1016 2984 luisse
1063 2919 1199 2985 omnium
1234 2921 1335 2985 cisum

315 3039 591 3120 insolentissimum,
604 3039 691 3104 cuius
703 3038 867 3105 auctoritas
879 3061 986 3125 magna
997 3037 1090 3104 fuerit
1101 3039 1180 3125 apud
1189 3039 1335 3126 populum

317 3160 539 3244 (πιθανώτατος
566 3153 599 3232 ἦν
625 3160 667 3240 τῷ
693 3157 802 3243 δήμῳ).
848 3158 891 3222 Ut
910 3156 1006 3243 plebis
1025 3158 1124 3223 studia
1141 3179 1210 3244 erga
1229 3181 1260 3224 se
1283 3182 1334 3224 au·

315 3287 415 3367 geret,
436 3301 497 3344 non
517 3279 617 3345 minus
629 3285 732 3344 contra
744 3278 904 3364 optimates
914 3276 1065 3342 saeviebat
1077 3298 1168 3362 quam
1184 3277 1216 3342 in
1228 3278 1334 3342 socios.

360 3397 397 3463 Id
429 3420 571 3485 magnum
602 3398 713 3462 malum
742 3397 774 3460 in
803 3394 957 3482 republica
989 3395 1098 3461 acriter
1119 3397 1222 3483 tangit
1245 3403 1333 3482 poeta

316 3518 349 3582 in
365 3516 482 3598 fabula,
507 3516 586 3582 unde
609 3516 724 3603 optime
746 3514 851 3602 colligi
875 3519 976 3601 potest
987 3520 1102 3600 quanto
1115 3514 1185 3579 odio
1197 3515 1334 3602 demago·

317 3658 423 3722 gorum
452 3643 548 3716 artes,
582 3634 798 3722 rempublicam
829 3643 859 3700 et
890 3656 1040 3720 quemque
1069 3634 1182 3699 bonum
1204 3633 1336 3719 graviter

319 3763 476 3836 vexantes,
500 3761 708 3842 persequatur.

362 3875 432 3956 Quo
467 3896 545 3940 anno
579 3874 705 3960 Equites
736 3875 768 3938 in
799 3895 887 3938 scena
914 3873 974 3938 acti
1004 3880 1096 3952 sunt,
1126 3894 1241 3937 summa
1272 3880 1335 3937 eret

318 3991 421 4058 Cleoni
441 3994 586 4080 potentia.
619 3993 777 4080 Superiora
800 3993 880 4058 enim
904 4015 982 4058 anno
1006 3992 1080 4079 Pylo
1103 3991 1335 4057 aDemostheue

319 4119 407 4200 capta
416 4163 425 4194 ,
449 4111 656 4198 Spbacteriam
675 4112 805 4177 insulam
822 4111 861 4176 ad
872 4111 1054 4176 deditionem
1068 4110 1222 4197 adegerat,
1240 4131 1334 4193 quum
