3374 5232
803 419 860 484 llll

320 629 408 698 inter·
432 649 464 695 sc
498 631 672 709 dissidium,
708 641 744 699 nt
777 635 840 719 ipsc
873 634 905 698 in
937 634 1009 698 Asia
1035 635 1150 700 minore
1173 635 1343 702 habitantes

321 748 450 816 Graecos
468 751 592 837 impune
614 753 646 816 in
659 751 808 816 dicionem
831 751 979 836 redigeret
1001 753 1084 836 quod
1107 757 1213 838 postea
1234 755 1343 840 turpis·

322 871 399 936 sima
428 891 500 953 pace
529 869 610 934 lacta
639 869 831 954 impetravit?
875 871 986 935 Nonne
1009 871 1067 936 iam
1091 878 1164 936 lunc
1188 872 1344 938 Perdiccas

322 987 519 1054 Macedoniae
542 1011 594 1053 rex
620 1010 667 1052 res
690 987 820 1052 Graecas
843 988 1105 1074 miscere-coepit,
1127 989 1344 1056 cuinssucces·

321 1129 401 1172 sores
424 1113 517 1170 totam
542 1106 698 1170 Graeciam
722 1105 780 1170 sibi
802 1104 1002 1171 subiicerent?

369 1225 510 1309 Denique
553 1224 703 1300 nationes,
743 1230 878 1308 expertes
917 1221 1049 1288 Graecae
1082 1225 1280 1290 humanitatis
1314 1235 1344 1290 et

325 1342 485 1423 libertatis,
511 1341 654 1406 Graeciae
666 1357 725 1404 non
742 1341 801 1406 nisi
814 1342 957 1432 damnum
975 1350 1099 1426 possent
1110 1343 1224 1409 afferre.
1258 1344 1345 1425 Quae

324 1463 426 1528 futura
459 1468 575 1538 essent,
610 1459 689 1524 inter
720 1461 801 1524 iocos
829 1469 860 1524 et
890 1460 1014 1524 facetias
1044 1461 1132 1543 quasi
1155 1461 1345 1547 praesagiens

324 1585 412 1663 poeta
435 1579 569 1663 pericula
592 1584 728 1655 strenue,
755 1587 788 1642 ut
812 1578 961 1656 vidimus,
987 1600 1089 1662 pacem
1113 1585 1144 1642 et
1155 1578 1344 1644 concordiam

323 1697 402 1764 inter
431 1696 563 1761 Graecas
591 1696 732 1762 civitates
763 1696 868 1762 suadet
896 1704 1000 1760 contra
1024 1697 1141 1776 hostes,
1165 1696 1244 1762 unde
1268 1699 1346 1783 peri-

323 1816 428 1880 culum
451 1837 567 1900 semper
593 1814 765 1878 immineret
787 1814 939 1879 Graeciae.

368 2052 539 2137 Diligenter
571 2051 667 2135 igilur
696 2053 773 2116 inter·
800 2074 831 2116 se
855 2051 1071 2137 comparando,
1096 2073 1173 2136 quae
1196 2057 1284 2136 poeta
1311 2051 1347 2114 de

326 2177 407 2236 statu
438 2170 564 2256 politico
593 2192 664 2235 snae
694 2171 779 2234 urbis
802 2177 854 2233 aut
877 2170 976 2234 iocose
1000 2175 1053 2233 aut
1076 2170 1153 2233 serio
1177 2175 1208 2234 et
1231 2169 1348 2234 morda-

324 2290 398 2354 citer
440 2289 532 2366 dicit,
575 2288 607 2353 id
652 2289 728 2351 mihi
765 2310 939 2372 persuasum
980 2287 1092 2366 liabeo,
1136 2287 1348 2352 auctoritatem

326 2405 499 2472 comoediae
533 2413 646 2470 tantam
671 2406 779 2480 fuisse,
815 2412 849 2468 ut
872 2405 994 2490 populi,
1028 2427 1120 2490 penes
1150 2426 1241 2488 quem
1268 2425 1348 2470 surn-

326 2547 374 2588 ma
408 2530 471 2589 erat
505 2523 641 2610 potentia
676 2523 856 2587 sententiam
892 2522 1066 2607 saepissime
1099 2523 1219 2588 rexerit.
1264 2521 1348 2587 Nam

326 2642 458 2706 uidimus
497 2649 530 2706 nt
565 2643 668 2726 paucis
702 2641 803 2706 oninia
835 2641 1019 2725 complectar
1057 2646 1177 2725 poetam
1207 2640 1348 2706 omnibus

329 2759 443 2824 viribus
470 2765 548 2824 artes
571 2767 602 2824 et
624 2758 745 2824 fraudes
767 2758 956 2844 detegentem
980 2759 1122 2839 illorum,
1146 2757 1199 2844 qui
1222 2759 1347 2823 salutem

325 2875 508 2961 reipublicae
541 2875 631 2941 rebus
664 2875 789 2961 privatis
817 2877 1144 2962 postponerentabusi
1166 2877 1348 2942 auctoritate

327 3017 417 3078 quam
441 2994 589 3060 habebant
612 2994 693 3080 apud
719 2994 854 3079 plebem,
876 3017 1001 3060 numero
1017 3017 1078 3060 non
1091 3000 1191 3059 mente
1206 2995 1348 3070 ualidam,

326 3113 407 3197 quod
430 3113 558 3194 vitium,
580 3135 697 3198 semper
716 3120 747 3177 et
763 3113 893 3196 ubique,
914 3112 1053 3199 inprimis
1068 3113 1213 3182 hodierno
1226 3134 1348 3198 qnoque

327 3239 461 3317 tempore
485 3253 593 3316 magna
617 3230 695 3296 mala
718 3231 834 3316 peperit
857 3238 889 3295 et
906 3232 1032 3295 fortasse
1050 3232 1163 3317 pariet;
1179 3254 1235 3297 nec
1247 3232 1348 3297 minus

326 3349 491 3418 luculenter
514 3349 704 3416 cavillantem
728 3348 896 3434 polentiam
919 3349 1001 3416 illius
1021 3349 1132 3435 plebis,
1156 3372 1347 3436 quaesnper·

327 3469 461 3547 stltiosa,
486 3466 663 3547 ambitiosa,
687 3466 775 3533 avida
804 3468 939 3532 omniurn
962 3490 1062 3533 rerum
1084 3467 1243 3533 arbitrium
1267 3491 1348 3533 com·

326 3587 424 3653 mittit
457 3587 548 3668 viris,
584 3587 636 3671 qui
669 3608 735 3654 eam
770 3586 802 3650 in
832 3586 963 3650 comitiis
993 3595 1025 3650 et
1047 3586 1171 3650 iudiciis
1193 3592 1348 3670 tamquam

326 3728 429 3772 canem
458 3706 630 3774 venaticum
654 3707 687 3770 iu
709 3727 780 3772 suos
803 3703 987 3770 adversarios
1011 3703 1199 3770 adhiberent.
1239 3703 1348 3785 ltaque

326 3847 429 3892 verum
452 3847 551 3893 rerum
574 3829 687 3888 statum
710 3822 815 3908 populi
839 3827 910 3887 ante
928 3822 1032 3887 oculos
1049 3821 1188 3907 ponendo
1211 3820 1347 3907 lrangare

326 3949 453 4006 conatur
481 3941 692 4006 auctoritatem
722 3962 842 4028 eorum,
871 3941 925 4024 qui
956 3963 1025 4004 cum
1055 3939 1237 4025 reipublicae
1267 3940 1347 4002 malo

325 4060 443 4124 civitati
468 4068 630 4146 praeerant.
