3374 5232
228 1821 241 1865 Ι

674 1595 777 1659 lupam
795 1592 903 1652 leontiae,
925 1591 966 1641 ubi
983 1591 1088 1644 multum
1104 1608 1132 1642 ox
1152 1609 1208 1645 voro
1225 1598 1331 1662 traxere,

706 1689 781 1726 aorem
800 1674 839 1722 eui
854 1673 992 1724 memoriam
1012 1673 1160 1740 relinquunt.

981 1756 1057 1810 Taoit.
1074 1760 1136 1814 Auo.
1160 1759 1203 1822 1⁵,
1221 1762 1261 1812 68.

354 2104 448 2172 Vetus
470 2103 648 2183 Comoedia,
672 2124 747 2187 quaa
767 2111 851 2167 extra
869 2101 1104 2168 controversiam
1119 2102 1198 2169 inter
1221 2125 1326 2172 omues

308 2225 441 2290 scenicae
464 2223 537 2290 artis
558 2221 703 2307 reliquias
726 2221 909 2308 superiorem
927 2215 1057 2308 occupat
1073 2222 1189 2303 locum,
1209 2229 1326 2310 praeter

241 2318 253 2393 ⁸·
309 2345 453 2410 salsorum
474 2343 709 2427 facetiarumque
732 2341 849 2428 copiam
871 2339 964 2406 multa
987 2340 1139 2423 eontinet,
1167 2364 1243 2427 quae
1265 2344 1326 2410 uti-

321 2462 422 2530 ‘ssima
444 2468 514 2529 sunt
536 2462 573 2528 ad
596 2461 704 2528 melius
727 2459 967 2547 eognosoemlum
991 2469 1109 2548 tempus
1132 2483 1192 2549 quo
1210 2463 1324 2532 floruit.

300 2544 309 2629 l
342 2607 389 2652 am
417 2607 479 2649 non
513 2604 609 2649 mores
642 2582 722 2647 solos
757 2579 897 2668 tangebat
908 2609 917 2661 3
951 2581 1003 2648 sed
1036 2582 1069 2646 in
1102 2604 1190 2649 soona
1224 2606 1324 2672 carpe·

307 2688 320 2742 l
351 2711 360 2767 t
382 2704 498 2786 omnia,
519 2700 807 2788 quaeinrepublioa
817 2723 953 2788 perverse
971 2701 1093 2785 fierent,
1112 2702 1250 2786 etviroa,
1270 2705 1325 2791 qui

307 2837 331 2908 ,l
348 2823 487 2890 otoritate
511 2821 591 2912 apud
619 2820 764 2911 populum
790 2821 934 2890 valerent.
980 2819 1081 2904 Quare
1101 2822 1206 2910 procul
1228 2823 1324 2892 dubio
1430 2851 1433 2856 ¹

289 2934 384 3046 Jrihi
415 2965 479 3010 aare
511 2941 649 3024 ridetur,
684 2941 759 3028 quin
793 2940 859 3008 eiua
891 2940 968 3009 ealea
1001 2941 1116 3009 iudioia
1146 2942 1181 3010 in
1213 2943 1323 3012 animia

278 3061 479 3143 ..laesor-int,
510 3060 636 3147 eiusque
667 3059 850 3142 auotoritas,
886 3060 926 3126 ob
955 3062 1100 3128 sermonis
1128 3063 1324 3132 acrimoniam

305 3187 337 3249 et
357 3181 494 3248 veritatis
512 3202 645 3248 amorem
663 3179 773 3267 populo
791 3180 978 3268 gratissima,
1002 3203 1112 3269 magna
1130 3182 1223 3250 fuerit
1241 3185 1322 3274 apud

304 3307 499 3391 speetatorea,
530 3300 584 3387 qui
613 3299 752 3386 quamvis
779 3297 912 3394 ridenteo
941 3305 1021 3366 uerte
1048 3323 1111 3368 uon
1135 3301 1200 3368 aine
1221 3325 1323 3372 morso

303 3443 322 3488 e
345 3421 464 3487 theatro
486 3419 636 3486 discedere
663 3419 812 3501 solebant,
843 3418 899 3486 ubi
926 3419 1075 3506 cuiusque
1096 3421 1172 3488 vitia
1193 3444 1212 3488 a
1232 3429 1323 3512 poeta

304 3541 387 3607 nudo
413 3540 511 3628 eapite
532 3538 792 3627 vituperabantur.

278 3739 281 3744 ,
347 3659 430 3728 Talis
453 3661 517 3726 eius
539 3668 603 3726 erat
624 3657 762 3738 licentia,
794 3658 914 3744 qualem
943 3658 1006 3724 rola
1036 3659 1219 3727 demooratia
1245 3662 1322 3730 ferro

288 3787 414 3846 immet.
469 3781 551 3846 Nam
591 3777 719 3867 populor
762 3777 896 3864 gaudem
933 3778 1103 3845 maledictio
1137 3786 1168 3848 et
1203 3781 1322 3849 faoetiia

291 3924 298 3948 ι
305 3897 402 3982 poetis
435 3903 498 3963 arat
529 3897 678 3985 praesidio
707 3903 817 3963 contra.
837 3919 902 3979 eoa,
936 3898 992 3982 qui
1021 3905 1202 3986 peterentur.
1247 3901 1322 3968 Erat

303 4013 359 4082 illa
379 4013 517 4100 libertas,
542 4023 649 4084 otest
674 4016 755 4104 apud
780 4014 962 4100 Horatium,
989 4023 1177 4085 recurrentes
1198 4025 1321 4110 aooepte

305 4155 358 4220 por
387 4155 500 4216 anuos,
533 4157 611 4223 quaa
642 4136 749 4224 populi
783 4135 1039 4206 oblectamentum
1074 4143 1139 4206 erat
1175 4160 1229 4229 per
1258 4137 1322 4207 ilios

1170 4259 1189 4324 1
