3374 5232
798 435 838 496 85

315 654 487 732 arrogantes
510 648 638 733 pessime
661 648 725 711 odit
749 654 779 712 et
802 647 1007 713 multitudinis
1027 649 1163 712 insanum
1184 647 1251 713 belli
1272 653 1335 712 stu-

314 765 397 830 dium
421 766 529 831 aoriter
555 767 715 854 vituperat.
911 765 920 856 l

296 915 298 920 ·
357 883 478 950 Comice
505 891 594 972 poeta
624 908 692 950 eum
721 886 824 972 fingit,
848 886 954 950 foedus
976 887 1125 972 privatum
1149 893 1216 950 cum
1241 886 1329 950 Lace·

312 1004 479 1069 daemoniis
502 1005 717 1091 percutientem
742 1010 772 1068 et
795 1004 939 1069 invidiam
960 1011 1218 1084 contemnentem,
1242 1026 1331 1088 quam

312 1125 345 1187 in
374 1146 404 1188 se
434 1124 604 1203 contrahat,
636 1101 717 1188 mor·
733 1145 881 1188 cessuram
903 1124 1044 1190 laudibus
1067 1125 1181 1208 quibus
1208 1125 1332 1204 olrorus,

314 1244 492 1333 sapientiam
516 1245 581 1308 eius
604 1265 767 1330 agnoscens
792 1264 861 1306 eum
885 1243 1017 1308 extollat.

356 1361 428 1426 Non
453 1362 670 1447 quinquennali
694 1361 813 1426 foedere
836 1367 882 1425 est
906 1368 1065 1427 contentus
1090 1365 1179 1448 (190)
1203 1386 1290 1427 nam:

508 1539 605 1624 ὄζουσι
629 1542 742 1616 πίττης
767 1543 819 1606 καὶ
845 1551 1045 1622 παρασκευῆς
1069 1548 1140 1606 νεῶν
1229 1567 1231 1570 ·

313 1745 409 1807 neque
431 1724 457 1787 ei
482 1721 600 1808 placent
624 1689 799 1788 decennalcs
824 1722 929 1806 (192):
1033 1752 1037 1759 ·

445 1899 541 1982 ὄζουσι
568 1895 689 1980 χαῦται
714 1901 873 1980 πρέσβεων
895 1901 925 1971 ἐς
949 1899 1008 1972 τοις
1032 1900 1138 1973 πόλεις

444 2019 611 2112 ὀξύτατον,
636 2017 735 2100 ὥσπερ
757 2019 918 2100 διατριβῆς
943 2019 1206 2100 τῶνξυμμάχων

356 2201 416 2264 Sed
455 2199 524 2264 illae
559 2201 685 2286 triginta
719 2223 864 2265 annorum
903 2201 1040 2266 induciae
1079 2206 1157 2264 terra
1197 2199 1330 2282 marique

310 2320 489 2384 ambrosiam
513 2320 647 2386 redolent
673 2332 703 2385 et
726 2328 838 2385 nectar.
884 2320 1004 2401 Quibus
1023 2319 1172 2406 percussis
1190 2319 1248 2384 iarn
1269 2340 1329 2382 non
1416 2298 1420 2304 ¹

312 2461 429 2503 neeesse
452 2439 509 2503 erit
533 2449 717 2505 commeatus
739 2463 842 2527 parare
865 2440 902 2505 ad
922 2439 1143 2524 expeditionem
1155 2444 1186 2502 et
1197 2435 1330 2522 quolibet

309 2560 351 2623 r're
382 2559 493 2625 licebit.
527 2559 653 2624 Valeant
681 2561 793 2646 igitur,
818 2561 877 2639 ait,
902 2560 1106 2624 Acharnenses
1134 2579 1202 2621 cum
1226 2558 1330 2621 insano

309 2679 425 2756 furore3
466 2680 603 2763 equidem
642 2679 709 2744 belli
750 2681 836 2742 malis
876 2679 952 2742 liber
994 2679 1055 2742 ruri
1096 2676 1207 2740 ruralia
1243 2698 1327 2758 agam

308 2797 469 2882 Dionysia,
500 2806 535 2862 ut
557 2807 626 2862 ante
649 2798 778 2877 bellum3
802 2795 915 2882 absque
938 2820 985 2862 me
1007 2803 1122 2882 pugnet
1144 2795 1327 2860 fortissimus

308 2914 490 2980 Lamachus:

418 3094 477 3169 ἐγὼ
503 3093 532 3156 δὲ
556 3094 693 3173 κηρύττω
718 3119 756 3171 γε
781 3093 1030 3165 Πελοποννησίοις

417 3211 519 3276 ἅτασι
545 3215 597 3277 καὶ
620 3221 804 3293 Μεγαρεῦσι
832 3213 884 3277 καὶ
910 3214 1057 3284 Βοιωτίοις

419 3343 548 3406 πωλεῖν,
575 3333 754 3416 οέροροέζειν,
779 3335 849 3413 πρὸς
875 3331 949 3409 ε’ριὲ,
976 3331 1127 3413 Λαμάχῳ
1152 3333 1182 3396 δὲ
1206 3335 1249 3410 μα’

352 3519 379 3576 A
403 3513 467 3576 foro
491 3512 688 3599 prohibentur
707 3533 825 3588 omnes,
850 3510 903 3593 qui
922 3510 989 3594 paci
1008 3509 1213 3574 adversentur.
1236 3510 1324 3577 Conr-

306 3632 470 3710 mercium,
487 3631 633 3696 ¹funditus
656 3631 736 3695 bello
760 3632 907 3708 fractum,
932 3651 1008 3714 quae
1030 3651 1077 3694 res
1094 3631 1205 3716 pariter
1222 3651 1324 3696 omncs

307 3750 449 3816 Graeciae
477 3750 616 3814 civitates
644 3749 786 3829 vexabat,
815 3771 889 3836 pace
910 3749 989 3813 lacta
1012 3748 1179 3814 reviviscet.
1214 3749 1322 3814 Statim

306 3869 440 3954 undique
463 3875 646 3934 concurrunt
668 3869 705 3933 ad
729 3869 825 3933 forum
846 3867 1050 3956 Dicaeopolis,
1070 3875 1104 3933 ut
1123 3890 1235 3936 merces
1253 3892 1324 3934 suas

306 3988 445 4054 vendant.
491 3989 676 4075 Megarensis
705 3989 826 4073 qnidam
858 4011 893 4054 eo
918 3988 1060 4074 penuriae
1084 3997 1129 4054 est
1150 3989 1323 4076 prolapsus,

307 4115 342 4172 ut
373 4130 496 4173 uxorem
527 4114 556 4172 et
587 4077 665 4172 filiis
695 4130 748 4194 pro
771 4108 871 4194 porois
895 4109 1020 4187 vendat,
1044 4107 1131 4172 euius
1154 4108 1324 4174 tristissima
