3374 5232
851 433 890 495 le

359 640 393 704 in
432 662 521 707 sesne
551 643 702 710 obtrectet
734 643 786 708 illa
824 643 987 723 beneficia,
1030 644 1142 729 quibus
1174 644 1258 731 plebs
1291 651 1403 732 oapta'

360 757 516 825 hominem
536 767 736 828 veneraretur.

401 877 522 968 Nempe
554 880 668 962 sciens,
702 879 799 968 plebis
833 882 934 946 studia
964 903 1035 968 erge
1066 881 1208 948 Cleonem
1241 884 1379 971 inprimis

358 997 487 1066 treviros
522 1006 593 1087 post
625 1006 743 1088 eaptam
777 999 999 1087 Spheeteriam,
1037 1025 1074 1070 ex
1102 1003 1251 1069 industris
1279 1005 1378 1092 arguit

357 1139 421 1184 nen
447 1141 518 1188 eum
547 1119 600 1186 sed
629 1119 866 1186 Demosthenem
892 1120 1002 1200 luisse,
1036 1121 1090 1205 qui
1116 1121 1198 1188 solus
1226 1123 1268 1187 sit
1292 1123 1379 1190 laude

358 1237 482 1325 dignus
506 1240 584 1327 (Cfr.
604 1239 662 1326 Eq.
687 1243 832 1322 ecl-et,
857 1242 937 1322 744,
964 1241 1050 1325 745).

401 1359 487 1442 Quid
506 1367 611 1447 putas,
633 1359 802 1440 Κεκροπίδη
834 1358 1027 1440 κακόβουλε,
1055 1367 1156 1448 roget,
1178 1361 1299 1428 Cleonis
1318 1363 1332 1428 f
1366 1399 1378 1414 ·

354 1483 423 1546 tum
451 1501 516 1546 esse
536 1487 600 1546 tam
621 1480 821 1568 praeclarum
854 1480 946 1545 etiam
968 1470 1078 1545 mulier
1100 1503 1177 1547 onus
1198 1482 1376 1563 sustineret,

356 1598 440 1684 qued
462 1598 510 1664 vir
532 1599 597 1665 eius
615 1577 750 1666 humeris
771 1600 939 1686 imponeret
961 1599 1054 1666 humo
1079 1600 1249 1681 sublatum,
1272 1625 1378 1668 verum

355 1739 491 1808 pugnare
511 1741 574 1790 non
595 1727 706 1809 posset.

353 1891 488 1982 χέσκκτο
509 1901 573 1984 γὰρ
593 1903 619 1967 sl
643 1899 838 1982 μκχέσκιτο.
859 1899 1232 1987 (burlencuriae.
1254 1902 1300 1970 H.
1325 1906 1377 1970 28.

402 2081 526 2148 Praeter
546 2086 669 2169 poetam
692 2080 878 2147 adversarios
900 2079 1021 2146 Cleonis
1039 2079 1062 2147 i.
1078 2103 1106 2147 e.
1125 2081 1305 2162 laudonem,
1329 2083 1379 2148 oui

359 2197 468 2266 Niciae
499 2206 634 2288 praeerat
663 2223 831 2286 numquam
861 2200 1004 2265 honorem
1029 2200 1215 2286 gloriamque
1237 2203 1381 2268 victoriae

359 2318 389 2384 ei
422 2320 556 2386 tribuere
586 2320 733 2402 voluisse,
765 2320 832 2401 cui,
855 2324 892 2384 ut
917 2318 1109 2406 Thucydides
1133 2327 1249 2402 narrat,
1272 2322 1380 2408 permi-

357 2437 469 2505 sissent
498 2439 659 2527 imperium
700 2441 737 2505 de
765 2439 862 2504 classe
896 2445 1050 2525 sperantes
1082 2440 1147 2505 iore
1176 2448 1211 2505 nt
1240 2464 1380 2507 successu
1406 2462 1408 2467 ’

359 2579 481 2640 orrens,
511 2561 602 2626 etiam
631 2559 736 2648 populi
766 2558 864 2646 gratia
895 2565 1007 2624 careret
1037 2559 1198 2624 verisimile
1220 2567 1275 2627 est.
1321 2561 1380 2628 De·

359 2679 548 2746 mosthenem
570 2679 626 2765 qni
648 2677 726 2766 Pylo
748 2685 837 2764 capta
859 2676 963 2742 hostes
988 2678 1102 2744 vicerat
1120 2684 1151 2744 et
1166 2685 1272 2765 postea
1290 2681 1379 2746 etiam

362 2793 508 2866 intererat
525 2797 679 2865 obsidioni
695 2797 905 2885 Sphacteriae,
928 2820 981 2884 pro
998 2818 1069 2865 uero
1090 2799 1204 2865 victore
1218 2801 1378 2883 habebunt,
1511 2883 1513 2889 Ι

360 2935 457 3004 quum
490 2919 576 3006 plebs
605 2918 750 2985 Cleonem
771 2917 863 2982 lande
885 2919 1021 2986 efferret·
1059 2917 1177 2984 Horum
1200 2921 1379 2988 sententiam

361 3038 414 3104 hie
428 3044 522 3127 poeto
534 3039 611 3105 mihi
626 3039 771 3124 adhibere
787 3037 907 3104 videtur
925 3045 960 3104 nt
979 3043 1128 3123 quantum
1146 3039 1259 3126 possit,
1282 3039 1378 3128 plebis

361 3159 499 3226 insanam
520 3159 749 3226 admirationem
771 3157 936 3245 refrigeret.
1231 3181 1237 3193 ·
1468 3131 1474 3148 ⁶

404 3279 556 3362 Quamvis
584 3285 701 3346 eertum
735 3284 799 3360 est,
830 3278 1063 3366 Aristophanem
1091 3277 1231 3346 Cleonem
1257 3280 1378 3367 privato

359 3399 430 3467 odio
449 3423 516 3468 esse
537 3405 743 3488 persecutum,
766 3406 868 3466 tamen
894 3421 982 3464 omne
1004 3398 1241 3487 demagogorum
1263 3422 1376 3487 genus,

359 3526 396 3586 nt
427 3520 612 3608 reipublicae
644 3520 758 3586 malum
789 3521 833 3584 ita
865 3520 1019 3607 increpat,
1052 3525 1088 3584 ut
1116 3520 1161 3586 nil
1189 3521 1378 3607 relinquatur

359 3639 488 3739 dubium
511 3642 586 3728 quid
609 3642 646 3708 de
668 3661 771 3708 eorum
793 3640 1000 3706 dominatione
1014 3640 1149 3706 senserit.
1185 3639 1290 3727 (Quod
1304 3643 1376 3708 satis

358 3759 488 3848 probant
509 3783 587 3848 quae
608 3761 647 3826 de
668 3760 846 3847 Hyperbolo
868 3760 997 3846 aliisque
1016 3754 1177 3826 oecununt
1192 3762 1225 3828 in
1241 3763 1376 3850 fabulis).

357 3881 398 3946 In
427 3881 569 3948 omnibus
598 3880 660 3946 fere
682 3880 792 3947 fabulis
814 3880 921 3948 aeriter
942 3879 1098 3946 invehitur
1119 3880 1153 3946 in
1175 3903 1295 3963 omnes,
1323 3884 1376 3968 qni

363 4023 487 4087 unque,
512 4007 548 4066 nt
570 4001 647 4066 dicit
668 4001 829 4066 Sallustius
844 3999 1060 4088 rempublicam
1074 4000 1226 4087 agitarent
1240 4002 1377 4067 honestis

297 4140 302 4160 ⁴
358 4119 534 4187 nominibus
550 4122 642 4186 sieuti
653 4120 758 4208 populi
767 4123 838 4207 jura
849 4120 1043 4186 defenderent
1054 4126 1084 4185 et
1094 4119 1208 4186 bonum
1221 4121 1376 4207 publicum
