3374 5232
857 455 897 516 28

408 672 617 738 Nihilominus
640 670 813 735 obedienter
835 668 1015 754 sequebatur
1033 672 1182 758 populus,
1206 693 1265 756 quo
1286 672 1384 737 dema-

364 814 460 878 gogus
483 813 552 856 eum
576 811 648 854 voce
670 789 836 876 crepitante
855 795 985 855 vocaret.
1032 788 1131 870 Quem
1150 812 1250 856 rerum
1272 797 1383 857 statum

363 919 451 998 poeta
473 909 606 976 mordaci
628 907 792 976 acrimonia
813 907 991 995 perstringit
1012 914 1046 973 ut
1067 908 1155 974 bonis
1166 909 1284 974 civibus
1304 910 1384 976 haud

363 1029 566 1109 tolerabilem,
598 1051 615 1092 1
645 1049 716 1093 vera
744 1025 924 1114 reipublicae
954 1026 1048 1093 salute
1075 1028 1204 1093 maxime
1226 1028 1384 1095 abhorren-

362 1155 452 1231 tem,'
471 1171 548 1234 quae
578 1149 622 1213 sic
649 1146 778 1234 pendeat
801 1170 818 1211 a
842 1145 969 1212 decretis
1001 1147 1096 1234 plebis
1124 1147 1243 1235 ineptae
1266 1147 1385 1233 sibique

362 1292 422 1335 non
449 1267 632 1347 constantie,
657 1267 694 1332 de
713 1266 801 1331 cuius
824 1265 1027 1331 dominatione
1052 1266 1139 1331 verba
1157 1267 1384 1355 faciensMega·

362 1389 451 1475 byaos
473 1387 526 1454 ille
549 1386 640 1452 dicit:
666 1385 753 1471 (Her.
778 1383 841 1450 ΙΙΙ.
865 1379 1031 1470 81111111
1055 1386 1121 1451 οὐδὲ
1144 1387 1303 1463 γινώσκειν
1329 1385 1382 1463 ἔνι,

362 1513 419 1582 κῶς
442 1507 505 1587 γὰρ
532 1505 569 1571 aba
595 1506 755 1582 γινώσκοι,
787 1503 817 1577 ὃς
846 1504 910 1570 οὔτ’
935 1504 1080 1587 ἐδιδάχθη
1112 1503 1264 1574 1111εοῖ11
1288 1511 1384 1574 καλὸν
1427 1583 1431 1589 ,

362 1626 529 1694 11111νοῦ1
554 1627 677 1706 elatior,
705 1623 786 1689 ὠθέει
816 1649 851 1690 τε
874 1626 1015 1704 ἐμπεσὼν
1040 1627 1082 1690 ud
1113 1629 1290 1709 πρήγματα
1310 1629 1383 1694 ἄνευ

361 1747 425 1812 νόου
463 1745 621 1829 χειμάρῥῳ
659 1747 791 1826 ποταμῷ
828 1745 949 1821 luston
993 1745 1118 1834 Optime
1157 1752 1259 1814 tamen
1297 1750 1384 1838 intel-

360 1868 431 1956 ligit
464 1873 570 1955 poeta,
604 1864 762 1954 populum,
796 1871 917 1952 propter
951 1865 1132 1954 imperitiam
1159 1890 1221 1933 non
1248 1868 1383 1935 omnium

361 1988 505 2054 malorum
551 2009 615 2054 1111
661 1985 795 2072 culpam,
843 1985 896 2050 sed
935 1986 1063 2073 pessime
1097 1969 1167 2052 'odit
1206 1987 1288 2068 illos,
1330 1991 1383 2074 qui

360 2131 428 2174 cum
468 2108 538 2173 dolo
577 2105 655 2172 malo
689 2118 720 2171 et
757 2105 940 2192 reipublicae
977 2106 1112 2192 periculo
1147 2130 1193 2173 res
1228 2108 1382 2176 misceant.

361 2228 431 2314 (aq.
460 2232 569 2314 1111).

542 2411 663 2475 1111σύ
686 2410 724 2474 σὺ
743 2409 858 2474 τούτων
881 2409 997 2484 atrior,
1021 2413 1064 2484 ab
1085 2408 1249 2488 φροντίσῃς

540 2529 655 2596 ritt'oi'
674 2555 709 2595 σε
727 2528 1004 2606 ταῦτ’ἐξησιέτων.

403 2712 447 2777 Ut
465 2713 497 2777 iu
515 2711 680 2797 Equitibus
695 2711 911 2797 Aristophanes
929 2710 1088 2776 cavillatur
1107 2713 1213 2799 populi
1229 2712 1382 2778 levitatem

359 2839 390 2898 et
413 2831 581 2897 socordiam
605 2854 665 2917 qua
692 2830 924 2917 rempublicam,
950 2831 1046 2895 socios
1069 2837 1100 2896 et
1122 2830 1203 2897 cives
1225 2831 1321 2897 bonos
1334 2831 1384 2898 de·

359 2973 555 3038 magogorum
579 2951 695 3015 artibus
718 2949 769 3014 det
794 2948 937 3035 praedae,
965 2949 1009 3014 ita
1030 2972 1091 3015 non
1118 2950 1219 3015 minus
1242 2951 1384 3016 audacter

359 3073 391 3137 in
414 3067 679 3149 ¹Acharnensibus,
702 3091 778 3154 quae
801 3067 902 3134 fabula
925 3067 1064 3155 inprimis
1087 3077 1190 3134 contra
1208 3069 1317 3135 bellum
1338 3076 1383 3134 est
1461 3157 1463 3164 Ι

359 3191 488 3278 scripta,
516 3188 631 3254 civium
656 3188 731 3253 vitia
756 3188 862 3275 carpit.
909 3189 1033 3253 Praeter
1064 3187 1123 3253 alia
1146 3169 1280 3275 increpat
1303 3189 1382 3254 insa-

359 3331 433 3374 num
456 3308 576 3388 odium,
606 3329 666 3392 quo
697 3307 798 3372 hostes
826 3313 1063 3395 persequuntur,
1094 3306 1176 3392 quod
1199 3309 1337 3382 consulto
1365 3332 1382 3374 a

360 3427 536 3516 demagogis
572 3432 694 3492 auctum
723 3448 868 3513 magnum
898 3435 977 3492 esset
1008 3426 1273 3513 impedimentum,
1309 3450 1381 3512 quo·

360 3550 459 3614 minus
483 3545 683 3612 Athenienses
705 3568 809 3633 pacem
832 3545 1011 3633 acciperent.

403 3667 496 3733 Haud
525 3666 589 3731 sine
620 3689 709 3731 causa
737 3673 825 3752 poeta
847 3665 879 3730 in
903 3688 1021 3730 scenam
1046 3665 1186 3752 producit
1209 3665 1380 3731 Acharnen·

360 3809 423 3866 111,
454 3791 561 3874 utpote
593 3785 647 3870 qui
675 3784 810 3850 omnium
848 3786 976 3850 manime
1008 3784 1253 3850 Lacedaemoniis
1281 3793 1381 3852 essent

350 3906 471 3972 infesti.
517 3904 639 3970 Incolae
658 3905 738 3970 enim
755 3905 826 3992 pagi
849 3905 902 3990 qui
920 3905 1000 3970 solus
1023 3910 1069 3969 ter
1092 3904 1177 3970 milia
1199 3905 1379 3993 hoplitarum

359 4027 484 4093 educere
505 4031 624 4113 poterat
658 4026 705 4111 (ut
734 4025 862 4112 legimus
892 4024 973 4113 apud
1001 4025 1096 4091 Thoe.
1121 4025 1171 4106 II,
1202 4029 1255 4113 19)
1290 4028 1380 4113 primi

359 4145 429 4211 belli
452 4143 528 4209 mala
551 4148 635 4208 erant
657 4143 783 4231 experti.
1498 4139 1500 4146 ’
