3374 5232
809 457 849 515 23

361 668 462 732 Multa
495 675 565 734 sunt
598 667 701 754 populi
737 669 827 747 vitia,
859 691 937 753 quae
959 668 1147 756 impediunt,
1169 665 1333 750 quominus

317 785 373 850 sub
395 787 460 851 eius
483 787 624 854 effrenate
647 788 854 854 dominatione
876 787 985 852 civiles
1004 787 1103 874 possib
1124 787 1238 854 florere

360 905 453 972 Lucri
474 907 587 996 privati
609 931 675 998 spes
698 908 777 973 cives
801 914 893 973 tenet.
928 907 1018 995 Vesp.
1043 908 1119 974 605.

317 1071 365 1136 les
390 1071 545 1152 χ’ἤδιστον
573 1073 687 1138 τούτων
715 1073 798 1137 ἐστὶν
824 1071 948 1138 πάντων
978 1065 1020 1135 ci*
1051 1072 1109 1148 χὼ’
1134 1068 1332 1148 τιλελήσμκν

319 1192 391 1258 ὅταν
416 1194 513 1258 οἴκαδ’
534 1194 567 1258 ἴω
594 1195 644 1257 τὸν
667 1195 773 1270 μισθὸν
794 1193 875 1272 ἔχων

364 1313 454 1403 Vesp.
479 1317 541 1380 695

318 1438 355 1500 σὺ
382 1435 412 1500 δέ
439 1433 614 1516 χασκοὶζεις
639 1435 691 1498 τὸν
715 1432 932 1514 κωλαγρέτιρν,
960 1435 994 1495 τὸ
1018 1433 1049 1497 δέ
1067 1429 1279 1516 τραττὸμενδν
1300 1457 1335 1495 σε

269 1531 273 1542 .
317 1555 456 1636 λέληθεν,

363 1721 483 1802 Quibus
516 1724 650 1788 conferre
681 1743 787 1808 operae
816 1721 946 1806 pretium
970 1727 1032 1800 eet,
1058 1741 1135 1806 quae
1160 1718 1238 1787 dicia
1259 1719 1337 1786 The-

317 1865 467 1922 ramenes,
498 1844 547 1908 cui
578 1864 675 1927 neque
706 1837 905 1919 democratia,
929 1861 1028 1923 neque
1056 1837 1220 1928 eligarohia
1244 1838 1336 1917 nimis

317 1961 479 2028 immodica
518 1961 636 2048 placent
675 1962 707 2026 in
746 1959 881 2026 oratione
914 1957 993 2045 apud
1032 1957 1265 2045 Xenophontem
1303 1958 1336 2022 in

317 2083 444 2149 historie
471 2081 586 2148 Graeca
609 2081 673 2167 (ΙΙ,
698 2085 735 2160 3,
759 2083 831 2165 48):
856 2081 916 2157 ἐγὼ
944 2078 1066 2151 ἐκείνοις
1096 2078 1160 2157 μὲν
1179 2079 1231 2143 aba!
1256 2103 1333 2144 τοτε

317 2204 444 2282 πολεμῶ
469 2211 533 2275 τοῖς
560 2205 592 2266 οὐ
619 2201 745 2282 πρόσθεν
769 2201 912 2280 οἰομένοις
933 2202 1034 2274 καλὴν
1059 2198 1098 2265 οἰκ
1124 2200 1334 2282 δημοκρατίαν

317 2321 414 2398 εἶναι,
449 2325 516 2405 πρὶν
553 2323 605 2387 καὶ
635 2325 660 2388 οἱ
695 2324 794 2388 δοῦλοι
829 2324 882 2386 καὶ
916 2326 942 2388 οἱ
968 2323 1007 2386 δι’
1033 2321 1164 2404 οὶτορέαν
1187 2321 1332 2402 δραχμῆς

316 2447 353 2510 ἂν
384 2444 565 2524 ἀποδόμενοι
602 2447 656 2518 τὴν
681 2442 771 2507 πόλιν
800 2445 902 2524 ἀρχῆς
936 2443 1118 2523 μετέχοιεν,
1152 2441 1204 2506 καὶ
1231 2442 1333 2508 τοῖσδε

316 2561 391 2644 γάὗ
414 2565 463 2630 αεὶ
489 2565 622 2636 ἐναντίος
646 2566 709 2642 εἰμὶ
734 2563 760 2629 οἳ
783 2565 836 2628 οὐκ
849 2564 962 2628 οἴονται
979 2565 1077 2638 καλὴν
1094 2563 1132 2629 ἂν
1148 2563 1331 2643 ἐγγενέσθαι

316 2687 525 2767 ὀλιγαρχίαν,
560 2687 629 2766 πρὶν
662 2686 704 2756 εἰς
741 2685 775 2748 τὸ
808 2686 859 2749 ὑπ’
892 2685 1005 2762 ὀλίγον
1033 2686 1244 2766 τυραννεῖσθαι
1276 2685 1332 2760 τὴν

315 2808 404 2901 πόλιν
437 2806 683 2879 καταστήσειαν.
743 2805 832 2870 Hanc
864 2827 987 2890 qnoque
1022 2807 1202 2871 sententiam
1236 2805 1331 2872 fuisse

314 2931 420 3011 poetae
451 2925 525 2989 mihi
553 2948 589 2990 ex
618 2924 727 2990 fabulis
754 2925 840 2990 facile
864 2925 1003 3011 colligas,
1026 2925 1059 2990 in
1083 2924 1196 3012 quibus
1218 2924 1331 3014 ubique

314 3052 411 3132 patet,
447 3068 516 3110 eum
547 3068 630 3132 spem
653 3043 836 3132 reipublicae
860 3045 967 3109 salutis
990 3045 1126 3132 posuisse
1153 3045 1186 3111 in
1208 3047 1246 3111 iis
1274 3049 1329 3133 qui

313 3165 400 3250 probi
423 3172 454 3230 el
476 3163 588 3230 eruditi
610 3164 793 3251 respublicas
811 3187 829 3228 a
847 3164 973 3250 privabis
990 3173 1186 3232 secernerent.
1221 3167 1329 3252 Neque

313 3287 414 3371 poluit
426 3285 511 3350 aliter
523 3286 601 3364 fieri,
623 3285 791 3370 quin'cives
803 3285 876 3350 boni
888 3284 958 3350 inde
969 3308 987 3349 a
998 3285 1121 3352 Periclis
1133 3295 1243 3369 moria,
1261 3311 1329 3375 pro·

312 3407 463 3492 pensiones
492 3407 605 3472 luerint
630 3405 826 3492 oligarchiae,
851 3427 911 3490 qna
934 3412 1015 3472 certe
1037 3406 1151 3472 civium
1174 3406 1327 3476 honestio-

313 3549 379 3590 rum
409 3533 440 3590 et
468 3525 685 3612 sapientiorum
714 3526 746 3590 in
776 3523 929 3610 republica
960 3531 1037 3590 esset
1075 3527 1237 3594 auctoritas
1267 3552 1328 3596 non

313 3646 460 3730 cuiusque
490 3646 735 3724 insolentissimi,
759 3645 840 3710 nulla
863 3645 942 3710 bona
964 3655 1027 3711 arte
1050 3647 1193 3732 praediti,
1217 3650 1270 3734 qui
1293 3655 1328 3715 ub

312 3764 420 3843 Cleon,
462 3764 632 3850 plebeculae
673 3765 768 3850 gratia
808 3765 924 3842 nitens,
965 3786 1034 3829 cum
1068 3765 1216 3832 bonorum
1250 3769 1327 3836 malo

311 3892 460 3971 regnaret.

355 4002 477 4070 Praeter
499 4004 558 4069 alia
580 4011 679 4068 lamen
702 4004 807 4090 populi
830 4004 906 4068 vitia
929 4003 1068 4090 inprimis
1089 4005 1225 4094 increpat
1244 4011 1328 4074 vani-

312 4131 422 4202 tatem,
446 4146 521 4208 qnae
544 4123 672 4188 iaciebat
696 4133 729 4188 ut
754 4125 886 4189 crederet
909 4123 1043 4188 obscuris
1063 4124 1245 4192 sedblandis
1264 4151 1330 4194 ora·
