<?xml version="1.0" encoding="UTF-8"?>
<!DOCTYPE html PUBLIC "-//W3C//DTD XHTML 1.0 Transitional//EN"
    "http://www.w3.org/TR/xhtml1/DTD/xhtml1-transitional.dtd">
<html xmlns="http://www.w3.org/1999/xhtml" xml:lang="en" lang="en">
 <head>
  <title>
</title>
<meta http-equiv="Content-Type" content="text/html;charset=utf-8" />
  <meta name='ocr-system' content='tesseract 3.04.00' />
  <meta name='ocr-capabilities' content='ocr_page ocr_carea ocr_par ocr_line ocrx_word'/>
</head>
<body>
  <div class='ocr_page' id='page_1' title='image "./inaristophanisd00frangoog_0083.png"; bbox 0 0 3374 5232; ppageno 0'>
   <div class='ocr_carea' id='block_1_1' title="bbox 859 437 896 500">
    <p class='ocr_par' dir='ltr' id='par_1_1' title="bbox 859 437 896 500">
     <span class='ocr_line' id='line_1_1' title="bbox 859 437 896 500; baseline -0.081 0"><span class='ocrx_word' id='word_1_1' title='bbox 859 437 896 500; x_wconf 77' lang='lat' dir='ltr'>to</span> 
     </span>
    </p>
   </div>
   <div class='ocr_carea' id='block_1_2' title="bbox 374 648 1392 976">
    <p class='ocr_par' dir='ltr' id='par_1_2' title="bbox 374 648 1392 976">
     <span class='ocr_line' id='line_1_2' title="bbox 374 648 1389 736; baseline -0.002 -22"><span class='ocrx_word' id='word_1_2' title='bbox 374 651 480 735; x_wconf 90' lang='lat' dir='ltr'>pennis</span> <span class='ocrx_word' id='word_1_3' title='bbox 510 650 543 715; x_wconf 90' lang='lat' dir='ltr'>in</span> <span class='ocrx_word' id='word_1_4' title='bbox 569 653 651 736; x_wconf 80' lang='lat' dir='ltr'>galea</span> <span class='ocrx_word' id='word_1_5' title='bbox 683 651 720 715; x_wconf 91' lang='lat' dir='ltr'>ob</span> <span class='ocrx_word' id='word_1_6' title='bbox 742 652 925 717; x_wconf 68' lang='lat' dir='ltr'><strong>celerrimam</strong></span> <span class='ocrx_word' id='word_1_7' title='bbox 948 653 1051 736; x_wconf 77' lang='lat' dir='ltr'>hrgam</span> <span class='ocrx_word' id='word_1_8' title='bbox 1076 651 1265 716; x_wconf 82' lang='lat' dir='ltr'>vehementer</span> <span class='ocrx_word' id='word_1_9' title='bbox 1281 648 1389 714; x_wconf 85' lang='lat' dir='ltr'>fluetu-</span> 
     </span>
     <span class='ocr_line' id='line_1_3' title="bbox 377 767 1391 856; baseline -0.002 -24"><span class='ocrx_word' id='word_1_10' title='bbox 377 767 505 833; x_wconf 89' lang='lat' dir='ltr'>antibus.</span> <span class='ocrx_word' id='word_1_11' title='bbox 541 769 614 835; x_wconf 90' lang='lat' dir='ltr'>Non</span> <span class='ocrx_word' id='word_1_12' title='bbox 626 772 723 837; x_wconf 86' lang='lat' dir='ltr'>serius</span> <span class='ocrx_word' id='word_1_13' title='bbox 735 793 825 856; x_wconf 88' lang='lat' dir='ltr'>quam</span> <span class='ocrx_word' id='word_1_14' title='bbox 837 772 869 836; x_wconf 90' lang='lat' dir='ltr'>in</span> <span class='ocrx_word' id='word_1_15' title='bbox 882 771 976 848; x_wconf 89' lang='lat' dir='ltr'>bello,</span> <span class='ocrx_word' id='word_1_16' title='bbox 997 771 1077 835; x_wconf 89' lang='lat' dir='ltr'>domi</span> <span class='ocrx_word' id='word_1_17' title='bbox 1090 777 1160 835; x_wconf 90' lang='lat' dir='ltr'>suut</span> <span class='ocrx_word' id='word_1_18' title='bbox 1172 767 1391 846; x_wconf 74' lang='lat' dir='ltr'>intolerabiles,</span> 
     </span>
     <span class='ocr_line' id='line_1_4' title="bbox 378 887 1392 976; baseline -0.002 -25"><span class='ocrx_word' id='word_1_19' title='bbox 378 909 394 951; x_wconf 92' lang='lat' dir='ltr'>e</span> <span class='ocrx_word' id='word_1_20' title='bbox 420 887 553 954; x_wconf 86' lang='lat' dir='ltr'>lubidine</span> <span class='ocrx_word' id='word_1_21' title='bbox 583 892 705 956; x_wconf 85' lang='lat' dir='ltr'>nomina</span> <span class='ocrx_word' id='word_1_22' title='bbox 734 897 886 955; x_wconf 80' lang='lat' dir='ltr'>mutantes</span> <span class='ocrx_word' id='word_1_23' title='bbox 908 889 941 954; x_wconf 90' lang='lat' dir='ltr'>in</span> <span class='ocrx_word' id='word_1_24' title='bbox 963 890 1098 976; x_wconf 85' lang='lat' dir='ltr'>catalogo</span> <span class='ocrx_word' id='word_1_25' title='bbox 1121 889 1188 973; x_wconf 89' lang='lat' dir='ltr'>(ofr.</span> <span class='ocrx_word' id='word_1_26' title='bbox 1212 887 1269 970; x_wconf 86' lang='lat' dir='ltr'>Eq.</span> <span class='ocrx_word' id='word_1_27' title='bbox 1298 887 1392 969; x_wconf 67' lang='lat'>1369)</span> 
     </span>
    </p>
   </div>
   <div class='ocr_carea' id='block_1_3' title="bbox 378 1006 1393 1214">
    <p class='ocr_par' dir='ltr' id='par_1_3' title="bbox 378 1006 1393 1214">
     <span class='ocr_line' id='line_1_5' title="bbox 378 1006 1393 1095; baseline 0.001 -27"><span class='ocrx_word' id='word_1_28' title='bbox 378 1013 408 1068; x_wconf 92' lang='lat' dir='ltr'>et</span> <span class='ocrx_word' id='word_1_29' title='bbox 431 1006 567 1072; x_wconf 88' lang='lat' dir='ltr'>iubentes</span> <span class='ocrx_word' id='word_1_30' title='bbox 589 1010 737 1095; x_wconf 82' lang='lat' dir='ltr'>proficisci</span> <span class='ocrx_word' id='word_1_31' title='bbox 761 1017 865 1074; x_wconf 85' lang='lat' dir='ltr'>contra</span> <span class='ocrx_word' id='word_1_32' title='bbox 888 1009 1004 1087; x_wconf 87' lang='lat' dir='ltr'>hostes,</span> <span class='ocrx_word' id='word_1_33' title='bbox 1033 1009 1083 1073; x_wconf 90' lang='lat' dir='ltr'>oui</span> <span class='ocrx_word' id='word_1_34' title='bbox 1101 1015 1220 1093; x_wconf 87' lang='lat' dir='ltr'>tempus</span> <span class='ocrx_word' id='word_1_35' title='bbox 1240 1007 1278 1070; x_wconf 90' lang='lat' dir='ltr'>ad</span> <span class='ocrx_word' id='word_1_36' title='bbox 1294 1028 1393 1070; x_wconf 89' lang='lat' dir='ltr'>neces-</span> 
     </span>
     <span class='ocr_line' id='line_1_6' title="bbox 379 1127 935 1214; baseline 0.007 -25"><span class='ocrx_word' id='word_1_37' title='bbox 379 1127 455 1191; x_wconf 87' lang='lat' dir='ltr'>saria</span> <span class='ocrx_word' id='word_1_38' title='bbox 477 1129 608 1213; x_wconf 86' lang='lat' dir='ltr'>paranda</span> <span class='ocrx_word' id='word_1_39' title='bbox 631 1129 732 1194; x_wconf 80' lang='lat' dir='ltr'>deficit</span> <span class='ocrx_word' id='word_1_40' title='bbox 756 1132 797 1214; x_wconf 88' lang='lat' dir='ltr'>(v.</span> <span class='ocrx_word' id='word_1_41' title='bbox 823 1131 935 1213; x_wconf 80' lang='lat'>1184):</span> 
     </span>
    </p>
   </div>
   <div class='ocr_carea' id='block_1_4' title="bbox 379 1293 1395 1867">
    <p class='ocr_par' dir='ltr' id='par_1_4' title="bbox 380 1293 1395 1507">
     <span class='ocr_line' id='line_1_7' title="bbox 380 1293 1395 1387; baseline 0 -20"><span class='ocrx_word' id='word_1_42' title='bbox 380 1308 484 1368; x_wconf 74' lang='grc' dir='ltr'><em>σιιῦτν</em></span> <span class='ocrx_word' id='word_1_43' title='bbox 507 1306 533 1368; x_wconf 85' lang='grc' dir='ltr'>δ’</span> <span class='ocrx_word' id='word_1_44' title='bbox 557 1309 643 1382; x_wconf 71' lang='grc' dir='ltr'><em>ἡμεῖς</em></span> <span class='ocrx_word' id='word_1_45' title='bbox 668 1309 739 1380; x_wconf 79' lang='grc' dir='ltr'><em>τσὺς</em></span> <span class='ocrx_word' id='word_1_46' title='bbox 763 1293 923 1387; x_wconf 73' lang='grc' dir='ltr'><em>ιὶνρσιίισνς</em></span> <span class='ocrx_word' id='word_1_47' title='bbox 944 1308 1049 1387; x_wconf 79' lang='grc' dir='ltr'><em>δρῶσι,</em></span> <span class='ocrx_word' id='word_1_48' title='bbox 1076 1307 1145 1378; x_wconf 76' lang='grc' dir='ltr'>τοὺς</span> <span class='ocrx_word' id='word_1_49' title='bbox 1168 1307 1193 1370; x_wconf 92' lang='grc' dir='ltr'>δ’</span> <span class='ocrx_word' id='word_1_50' title='bbox 1218 1305 1251 1381; x_wconf 78' lang='grc' dir='ltr'>ἐξ</span> <span class='ocrx_word' id='word_1_51' title='bbox 1267 1304 1395 1373; x_wconf 65' lang='grc' dir='ltr'><em>ἄστεως</em></span> 
     </span>
     <span class='ocr_line' id='line_1_8' title="bbox 380 1420 1167 1507; baseline 0 -19"><span class='ocrx_word' id='word_1_52' title='bbox 380 1420 487 1500; x_wconf 79' lang='grc' dir='ltr'><em>ἧττον,</em></span> <span class='ocrx_word' id='word_1_53' title='bbox 512 1428 536 1490; x_wconf 82' lang='lat' dir='ltr'>ol</span> <span class='ocrx_word' id='word_1_54' title='bbox 561 1429 668 1492; x_wconf 78' lang='grc' dir='ltr'><em>θεοῖσιν</em></span> <span class='ocrx_word' id='word_1_55' title='bbox 692 1423 771 1491; x_wconf 78' lang='grc' dir='ltr'><em>οὗτοι</em></span> <span class='ocrx_word' id='word_1_56' title='bbox 797 1425 959 1506; x_wconf 65' lang='grc' dir='ltr'><em>κάνδράσιν</em></span> <span class='ocrx_word' id='word_1_57' title='bbox 983 1424 1167 1507; x_wconf 65' lang='grc' dir='ltr'><em>ῥιψάσπιδες</em></span> 
     </span>
    </p>

    <p class='ocr_par' dir='ltr' id='par_1_5' title="bbox 379 1538 1166 1626">
     <span class='ocr_line' id='line_1_9' title="bbox 379 1538 1166 1626; baseline 0.003 -18"><span class='ocrx_word' id='word_1_58' title='bbox 379 1541 416 1608; x_wconf 79' lang='grc' dir='ltr'>ὧν</span> <span class='ocrx_word' id='word_1_59' title='bbox 442 1545 476 1610; x_wconf 75' lang='grc' dir='ltr'>ἕν</span> <span class='ocrx_word' id='word_1_60' title='bbox 499 1538 634 1619; x_wconf 67' lang='grc' dir='ltr'><em>ἐὐθύνας</em></span> <span class='ocrx_word' id='word_1_61' title='bbox 660 1546 725 1624; x_wconf 71' lang='grc' dir='ltr'>ἐμοὶ</span> <span class='ocrx_word' id='word_1_62' title='bbox 752 1548 911 1619; x_wconf 80' lang='grc' dir='ltr'><em>δώσουσιν,</em></span> <span class='ocrx_word' id='word_1_63' title='bbox 938 1547 971 1622; x_wconf 78' lang='grc' dir='ltr'>ἢν</span> <span class='ocrx_word' id='word_1_64' title='bbox 998 1548 1060 1618; x_wconf 73' lang='grc' dir='ltr'><em>θεὸς</em></span> <span class='ocrx_word' id='word_1_65' title='bbox 1087 1547 1166 1626; x_wconf 58' lang='grc' dir='ltr'><em>θέλῃ.</em></span> 
     </span>
    </p>

    <p class='ocr_par' dir='ltr' id='par_1_6' title="bbox 382 1666 857 1747">
     <span class='ocr_line' id='line_1_10' title="bbox 382 1666 857 1747; baseline 0 -17"><span class='ocrx_word' id='word_1_66' title='bbox 382 1666 488 1730; x_wconf 67' lang='grc' dir='ltr'><em>πολλὰ</em></span> <span class='ocrx_word' id='word_1_67' title='bbox 512 1667 574 1747; x_wconf 72' lang='grc' dir='ltr'>γὰρ</span> <span class='ocrx_word' id='word_1_68' title='bbox 598 1666 633 1740; x_wconf 77' lang='grc' dir='ltr'>δή</span> <span class='ocrx_word' id='word_1_69' title='bbox 649 1668 684 1742; x_wconf 81' lang='grc' dir='ltr'>μ’</span> <span class='ocrx_word' id='word_1_70' title='bbox 711 1667 857 1741; x_wconf 79' lang='grc' dir='ltr'><em>ἦδίιινισσιν</em></span> 
     </span>
    </p>

    <p class='ocr_par' dir='ltr' id='par_1_7' title="bbox 380 1785 783 1867">
     <span class='ocr_line' id='line_1_11' title="bbox 380 1785 783 1867; baseline 0.002 -17"><span class='ocrx_word' id='word_1_71' title='bbox 380 1787 463 1859; x_wconf 69' lang='grc' dir='ltr'><em>ὅντες</em></span> <span class='ocrx_word' id='word_1_72' title='bbox 487 1785 558 1854; x_wconf 76' lang='lat' dir='ltr'>eluar</span> <span class='ocrx_word' id='word_1_73' title='bbox 582 1790 637 1867; x_wconf 77' lang='grc' dir='ltr'>μὲν</span> <span class='ocrx_word' id='word_1_74' title='bbox 662 1787 783 1859; x_wconf 69' lang='lat' dir='ltr'>artarer</span> 
     </span>
    </p>
   </div>
   <div class='ocr_carea' id='block_1_5' title="bbox 385 1907 891 2008">
    <p class='ocr_par' dir='ltr' id='par_1_8' title="bbox 385 1907 891 2008">
     <span class='ocr_line' id='line_1_12' title="bbox 385 1907 891 2008; baseline 0 -36"><span class='ocrx_word' id='word_1_75' title='bbox 385 1910 415 1972; x_wconf 83' lang='grc' dir='ltr'>ἐν</span> <span class='ocrx_word' id='word_1_76' title='bbox 438 1907 532 1989; x_wconf 65' lang='lat' dir='ltr'>urim</span> <span class='ocrx_word' id='word_1_77' title='bbox 556 1910 582 1973; x_wconf 89' lang='grc' dir='ltr'>δ’</span> <span class='ocrx_word' id='word_1_78' title='bbox 606 1910 778 1978; x_wconf 66' lang='grc' dir='ltr'><em>ἀλώπεκες.</em></span> <span class='ocrx_word' id='word_1_79' title='bbox 887 1997 891 2008; x_wconf 22' lang='lat' dir='ltr'><em>l</em></span> 
     </span>
    </p>
   </div>
   <div class='ocr_carea' id='block_1_6' title="bbox 428 2079 1536 2172">
    <p class='ocr_par' dir='ltr' id='par_1_9' title="bbox 428 2079 1536 2172">
     <span class='ocr_line' id='line_1_13' title="bbox 428 2079 1536 2172; baseline 0.001 -22"><span class='ocrx_word' id='word_1_80' title='bbox 428 2087 502 2150; x_wconf 84' lang='lat' dir='ltr'>Rem</span> <span class='ocrx_word' id='word_1_81' title='bbox 524 2085 568 2151; x_wconf 83' lang='lat' dir='ltr'>ita</span> <span class='ocrx_word' id='word_1_82' title='bbox 594 2109 657 2152; x_wconf 87' lang='lat' dir='ltr'>sese</span> <span class='ocrx_word' id='word_1_83' title='bbox 680 2079 842 2164; x_wconf 85' lang='lat' dir='ltr'>hahuisse,</span> <span class='ocrx_word' id='word_1_84' title='bbox 865 2087 979 2150; x_wconf 84' lang='lat' dir='ltr'>seilicet</span> <span class='ocrx_word' id='word_1_85' title='bbox 1001 2086 1070 2149; x_wconf 89' lang='lat' dir='ltr'>illos</span> <span class='ocrx_word' id='word_1_86' title='bbox 1094 2085 1183 2149; x_wconf 86' lang='lat' dir='ltr'>domi</span> <span class='ocrx_word' id='word_1_87' title='bbox 1199 2087 1302 2150; x_wconf 84' lang='lat' dir='ltr'>leones</span> <span class='ocrx_word' id='word_1_88' title='bbox 1326 2086 1403 2172; x_wconf 88' lang='lat' dir='ltr'>plebi</span> <span class='ocrx_word' id='word_1_89' title='bbox 1517 2153 1536 2162; x_wconf 19' lang='lat' dir='ltr'>f,</span> 
     </span>
    </p>
   </div>
   <div class='ocr_carea' id='block_1_7' title="bbox 384 2206 1411 2769">
    <p class='ocr_par' dir='ltr' id='par_1_10' title="bbox 384 2206 1411 2769">
     <span class='ocr_line' id='line_1_14' title="bbox 384 2206 1405 2292; baseline 0 -24"><span class='ocrx_word' id='word_1_90' title='bbox 384 2207 513 2270; x_wconf 79' lang='lat' dir='ltr'>ruatioae</span> <span class='ocrx_word' id='word_1_91' title='bbox 542 2206 665 2271; x_wconf 83' lang='lat' dir='ltr'>minime</span> <span class='ocrx_word' id='word_1_92' title='bbox 688 2208 869 2292; x_wconf 85' lang='lat' dir='ltr'>pepercisse,</span> <span class='ocrx_word' id='word_1_93' title='bbox 893 2207 979 2270; x_wconf 84' lang='lat' dir='ltr'>facile</span> <span class='ocrx_word' id='word_1_94' title='bbox 1002 2207 1083 2270; x_wconf 81' lang='lat' dir='ltr'>credi</span> <span class='ocrx_word' id='word_1_95' title='bbox 1106 2212 1215 2291; x_wconf 84' lang='lat' dir='ltr'>potest.</span> <span class='ocrx_word' id='word_1_96' title='bbox 1246 2207 1405 2290; x_wconf 73' lang='lat' dir='ltr'>Quidquid</span> 
     </span>
     <span class='ocr_line' id='line_1_15' title="bbox 387 2323 1406 2411; baseline 0 -23"><span class='ocrx_word' id='word_1_97' title='bbox 387 2325 427 2388; x_wconf 82' lang='lat' dir='ltr'>sit</span> <span class='ocrx_word' id='word_1_98' title='bbox 458 2332 546 2410; x_wconf 88' lang='lat' dir='ltr'>poeta</span> <span class='ocrx_word' id='word_1_99' title='bbox 574 2327 657 2390; x_wconf 88' lang='lat' dir='ltr'>illem</span> <span class='ocrx_word' id='word_1_100' title='bbox 690 2333 720 2390; x_wconf 91' lang='lat' dir='ltr'>et</span> <span class='ocrx_word' id='word_1_101' title='bbox 748 2326 870 2411; x_wconf 85' lang='lat' dir='ltr'>quidem</span> <span class='ocrx_word' id='word_1_102' title='bbox 894 2348 1030 2411; x_wconf 82' lang='lat' dir='ltr'>magnam</span> <span class='ocrx_word' id='word_1_103' title='bbox 1055 2327 1167 2389; x_wconf 82' lang='lat' dir='ltr'>rivium</span> <span class='ocrx_word' id='word_1_104' title='bbox 1189 2335 1302 2411; x_wconf 87' lang='lat' dir='ltr'>partem</span> <span class='ocrx_word' id='word_1_105' title='bbox 1326 2323 1406 2389; x_wconf 91' lang='lat' dir='ltr'>solli·</span> 
     </span>
     <span class='ocr_line' id='line_1_16' title="bbox 389 2445 1408 2531; baseline -0.001 -23"><span class='ocrx_word' id='word_1_106' title='bbox 389 2447 462 2509; x_wconf 83' lang='lat' dir='ltr'>citat</span> <span class='ocrx_word' id='word_1_107' title='bbox 496 2452 600 2510; x_wconf 86' lang='lat' dir='ltr'>eontra</span> <span class='ocrx_word' id='word_1_108' title='bbox 632 2447 715 2525; x_wconf 75' lang='lat' dir='ltr'>illue,</span> <span class='ocrx_word' id='word_1_109' title='bbox 749 2447 801 2531; x_wconf 90' lang='lat' dir='ltr'>qui</span> <span class='ocrx_word' id='word_1_110' title='bbox 831 2447 897 2510; x_wconf 87' lang='lat' dir='ltr'>eins</span> <span class='ocrx_word' id='word_1_111' title='bbox 929 2446 1061 2509; x_wconf 84' lang='lat' dir='ltr'>miserias</span> <span class='ocrx_word' id='word_1_112' title='bbox 1090 2445 1176 2509; x_wconf 86' lang='lat' dir='ltr'>flocci</span> <span class='ocrx_word' id='word_1_113' title='bbox 1207 2445 1349 2509; x_wconf 86' lang='lat' dir='ltr'>haherent</span> <span class='ocrx_word' id='word_1_114' title='bbox 1377 2452 1408 2508; x_wconf 89' lang='lat' dir='ltr'>et</span> 
     </span>
     <span class='ocr_line' id='line_1_17' title="bbox 391 2563 1410 2652; baseline -0.002 -22"><span class='ocrx_word' id='word_1_115' title='bbox 391 2564 501 2630; x_wconf 90' lang='lat' dir='ltr'>bellum</span> <span class='ocrx_word' id='word_1_116' title='bbox 534 2564 673 2652; x_wconf 85' lang='lat' dir='ltr'>publicae</span> <span class='ocrx_word' id='word_1_117' title='bbox 703 2566 792 2630; x_wconf 87' lang='lat' dir='ltr'>saluti</span> <span class='ocrx_word' id='word_1_118' title='bbox 824 2565 980 2629; x_wconf 84' lang='lat' dir='ltr'>adversum</span> <span class='ocrx_word' id='word_1_119' title='bbox 1004 2564 1220 2648; x_wconf 82' lang='lat' dir='ltr'>protraherent.</span> <span class='ocrx_word' id='word_1_120' title='bbox 1267 2563 1305 2627; x_wconf 92' lang='lat' dir='ltr'>In</span> <span class='ocrx_word' id='word_1_121' title='bbox 1334 2585 1410 2647; x_wconf 89' lang='lat' dir='ltr'>quos</span> 
     </span>
     <span class='ocr_line' id='line_1_18' title="bbox 389 2681 1411 2769; baseline -0.002 -21"><span class='ocrx_word' id='word_1_122' title='bbox 389 2706 568 2769; x_wconf 85' lang='lat' dir='ltr'>quamquam</span> <span class='ocrx_word' id='word_1_123' title='bbox 603 2707 664 2748; x_wconf 94' lang='lat' dir='ltr'>non</span> <span class='ocrx_word' id='word_1_124' title='bbox 693 2685 833 2748; x_wconf 92' lang='lat' dir='ltr'>omnihus</span> <span class='ocrx_word' id='word_1_125' title='bbox 866 2682 989 2768; x_wconf 81' lang='lat' dir='ltr'>ignavia</span> <span class='ocrx_word' id='word_1_126' title='bbox 1021 2681 1114 2746; x_wconf 80' lang='lat' dir='ltr'>obiici</span> <span class='ocrx_word' id='word_1_127' title='bbox 1136 2688 1269 2768; x_wconf 89' lang='lat' dir='ltr'>poterat,</span> <span class='ocrx_word' id='word_1_128' title='bbox 1300 2683 1411 2767; x_wconf 90' lang='lat' dir='ltr'>optime</span> 
     </span>
    </p>
   </div>
   <div class='ocr_carea' id='block_1_8' title="bbox 392 2801 1524 2887">
    <p class='ocr_par' dir='ltr' id='par_1_11' title="bbox 392 2801 1524 2887">
     <span class='ocr_line' id='line_1_19' title="bbox 392 2801 1524 2887; baseline -0.002 -21"><span class='ocrx_word' id='word_1_129' title='bbox 392 2803 504 2868; x_wconf 85' lang='lat' dir='ltr'>uadunt</span> <span class='ocrx_word' id='word_1_130' title='bbox 534 2826 585 2882; x_wconf 86' lang='lat' dir='ltr'>ea,</span> <span class='ocrx_word' id='word_1_131' title='bbox 617 2802 727 2887; x_wconf 92' lang='lat' dir='ltr'>quibus</span> <span class='ocrx_word' id='word_1_132' title='bbox 757 2804 789 2867; x_wconf 93' lang='lat' dir='ltr'>in</span> <span class='ocrx_word' id='word_1_133' title='bbox 821 2802 1006 2866; x_wconf 84' lang='lat' dir='ltr'>Lamachum</span> <span class='ocrx_word' id='word_1_134' title='bbox 1029 2801 1184 2866; x_wconf 89' lang='lat' dir='ltr'>invehitur</span> <span class='ocrx_word' id='word_1_135' title='bbox 1205 2801 1358 2886; x_wconf 84' lang='lat' dir='ltr'>Trugaeus</span> <span class='ocrx_word' id='word_1_136' title='bbox 1380 2803 1412 2865; x_wconf 93' lang='lat' dir='ltr'>in</span> <span class='ocrx_word' id='word_1_137' title='bbox 1523 2835 1524 2838; x_wconf 34' lang='lat'>¹</span> 
     </span>
    </p>
   </div>
   <div class='ocr_carea' id='block_1_9' title="bbox 393 2922 655 3008">
    <p class='ocr_par' dir='ltr' id='par_1_12' title="bbox 393 2922 655 3008">
     <span class='ocr_line' id='line_1_20' title="bbox 393 2922 655 3008; baseline 0.004 -22"><span class='ocrx_word' id='word_1_138' title='bbox 393 2922 470 2987; x_wconf 87' lang='lat' dir='ltr'>Paee</span> <span class='ocrx_word' id='word_1_139' title='bbox 495 2925 536 3008; x_wconf 84' lang='lat' dir='ltr'>(v.</span> <span class='ocrx_word' id='word_1_140' title='bbox 559 2925 655 3008; x_wconf 77' lang='lat'>473):</span> 
     </span>
    </p>
   </div>
   <div class='ocr_carea' id='block_1_10' title="bbox 529 3097 1253 3301">
    <p class='ocr_par' dir='ltr' id='par_1_13' title="bbox 529 3097 1253 3301">
     <span class='ocr_line' id='line_1_21' title="bbox 529 3097 1211 3181; baseline 0 -15"><span class='ocrx_word' id='word_1_141' title='bbox 529 3097 549 3166; x_wconf 74' lang='grc' dir='ltr'><em>ὦ</em></span> <span class='ocrx_word' id='word_1_142' title='bbox 573 3101 713 3181; x_wconf 75' lang='grc' dir='ltr'><em>Λιὶμνιχ’</em></span> <span class='ocrx_word' id='word_1_143' title='bbox 737 3103 853 3174; x_wconf 65' lang='grc' dir='ltr'><em>ἀδικεῖς</em></span> <span class='ocrx_word' id='word_1_144' title='bbox 880 3102 1016 3178; x_wconf 75' lang='grc' dir='ltr'><em>ἐμποδὼν</em></span> <span class='ocrx_word' id='word_1_145' title='bbox 1042 3103 1211 3179; x_wconf 70' lang='grc' dir='ltr'><em>καθήμενος</em></span> 
     </span>
     <span class='ocr_line' id='line_1_22' title="bbox 531 3219 1253 3301; baseline -0.003 -15"><span class='ocrx_word' id='word_1_146' title='bbox 531 3221 612 3287; x_wconf 80' lang='grc' dir='ltr'><em>οὐδὲν</em></span> <span class='ocrx_word' id='word_1_147' title='bbox 637 3221 754 3299; x_wconf 78' lang='grc' dir='ltr'><em>δεόμεθ’</em></span> <span class='ocrx_word' id='word_1_148' title='bbox 778 3219 913 3301; x_wconf 77' lang='grc' dir='ltr'><em>ὤνθρωπε</em></span> <span class='ocrx_word' id='word_1_149' title='bbox 936 3228 992 3295; x_wconf 76' lang='grc' dir='ltr'>τῆς</span> <span class='ocrx_word' id='word_1_150' title='bbox 1016 3230 1071 3294; x_wconf 74' lang='grc' dir='ltr'>σῆς</span> <span class='ocrx_word' id='word_1_151' title='bbox 1095 3222 1253 3301; x_wconf 80' lang='grc' dir='ltr'><em>μορμόνος.</em></span> 
     </span>
    </p>
   </div>
   <div class='ocr_carea' id='block_1_11' title="bbox 401 3385 1422 4208">
    <p class='ocr_par' dir='ltr' id='par_1_14' title="bbox 401 3385 1422 4208">
     <span class='ocr_line' id='line_1_23' title="bbox 442 3385 1416 3489; baseline 0 -23"><span class='ocrx_word' id='word_1_152' title='bbox 442 3401 586 3466; x_wconf 88' lang='lat' dir='ltr'>Phormio</span> <span class='ocrx_word' id='word_1_153' title='bbox 609 3422 729 3485; x_wconf 82' lang='lat' dir='ltr'>quoque</span> <span class='ocrx_word' id='word_1_154' title='bbox 751 3385 861 3466; x_wconf 84' lang='lat' dir='ltr'>leviter</span> <span class='ocrx_word' id='word_1_155' title='bbox 880 3403 1107 3488; x_wconf 85' lang='lat' dir='ltr'>perstringitur,</span> <span class='ocrx_word' id='word_1_156' title='bbox 1131 3409 1236 3489; x_wconf 91' lang='lat' dir='ltr'>utpote</span> <span class='ocrx_word' id='word_1_157' title='bbox 1259 3402 1342 3488; x_wconf 91' lang='lat' dir='ltr'>paois</span> <span class='ocrx_word' id='word_1_158' title='bbox 1366 3402 1416 3466; x_wconf 88' lang='lat' dir='ltr'>ad·</span> 
     </span>
     <span class='ocr_line' id='line_1_24' title="bbox 401 3519 1415 3607; baseline -0.001 -21"><span class='ocrx_word' id='word_1_159' title='bbox 401 3521 547 3586; x_wconf 87' lang='lat' dir='ltr'>versarius</span> <span class='ocrx_word' id='word_1_160' title='bbox 577 3519 704 3606; x_wconf 89' lang='lat' dir='ltr'>ideoque</span> <span class='ocrx_word' id='word_1_161' title='bbox 726 3527 831 3606; x_wconf 89' lang='lat' dir='ltr'>poetae</span> <span class='ocrx_word' id='word_1_162' title='bbox 854 3521 980 3587; x_wconf 85' lang='lat' dir='ltr'>invisus.</span> <span class='ocrx_word' id='word_1_163' title='bbox 1007 3523 1089 3603; x_wconf 82' lang='lat' dir='ltr'>(Pae.</span> <span class='ocrx_word' id='word_1_164' title='bbox 1114 3524 1189 3607; x_wconf 72' lang='lat'>340)</span> <span class='ocrx_word' id='word_1_165' title='bbox 1214 3522 1327 3587; x_wconf 86' lang='lat' dir='ltr'>Verum</span> <span class='ocrx_word' id='word_1_166' title='bbox 1352 3523 1415 3586; x_wconf 90' lang='lat' dir='ltr'>eins</span> 
     </span>
     <span class='ocr_line' id='line_1_25' title="bbox 403 3637 1420 3728; baseline 0.001 -23"><span class='ocrx_word' id='word_1_167' title='bbox 403 3641 496 3705; x_wconf 88' lang='lat' dir='ltr'>virtus</span> <span class='ocrx_word' id='word_1_168' title='bbox 527 3639 564 3704; x_wconf 86' lang='lat' dir='ltr'>ab</span> <span class='ocrx_word' id='word_1_169' title='bbox 597 3637 758 3724; x_wconf 80' lang='lat' dir='ltr'>Equitibus</span> <span class='ocrx_word' id='word_1_170' title='bbox 787 3639 926 3704; x_wconf 87' lang='lat' dir='ltr'>laudibus</span> <span class='ocrx_word' id='word_1_171' title='bbox 957 3641 1078 3706; x_wconf 86' lang='lat' dir='ltr'>effertur</span> <span class='ocrx_word' id='word_1_172' title='bbox 1112 3641 1223 3728; x_wconf 89' lang='lat' dir='ltr'>quippe</span> <span class='ocrx_word' id='word_1_173' title='bbox 1253 3663 1329 3728; x_wconf 84' lang='lat' dir='ltr'>quoe</span> <span class='ocrx_word' id='word_1_174' title='bbox 1359 3642 1420 3706; x_wconf 86' lang='lat' dir='ltr'>sola</span> 
     </span>
     <span class='ocr_line' id='line_1_26' title="bbox 404 3759 1420 3846; baseline 0 -20"><span class='ocrx_word' id='word_1_175' title='bbox 404 3761 502 3826; x_wconf 89' lang='lat' dir='ltr'>adhuo</span> <span class='ocrx_word' id='word_1_176' title='bbox 524 3759 672 3826; x_wconf 88' lang='lat' dir='ltr'>maiorum</span> <span class='ocrx_word' id='word_1_177' title='bbox 695 3760 906 3824; x_wconf 80' lang='lat' dir='ltr'>tortitudinem</span> <span class='ocrx_word' id='word_1_178' title='bbox 929 3761 1135 3846; x_wconf 86' lang='lat' dir='ltr'>aequipararet</span> <span class='ocrx_word' id='word_1_179' title='bbox 1162 3767 1191 3825; x_wconf 86' lang='lat' dir='ltr'>et</span> <span class='ocrx_word' id='word_1_180' title='bbox 1215 3762 1344 3829; x_wconf 90' lang='lat' dir='ltr'>multum</span> <span class='ocrx_word' id='word_1_181' title='bbox 1362 3763 1420 3826; x_wconf 87' lang='lat' dir='ltr'>dis·</span> 
     </span>
     <span class='ocr_line' id='line_1_27' title="bbox 405 3878 1421 3967; baseline -0.002 -21"><span class='ocrx_word' id='word_1_182' title='bbox 405 3886 555 3967; x_wconf 76' lang='lat' dir='ltr'>amparet,</span> <span class='ocrx_word' id='word_1_183' title='bbox 575 3886 610 3944; x_wconf 91' lang='lat' dir='ltr'>ut</span> <span class='ocrx_word' id='word_1_184' title='bbox 632 3886 718 3965; x_wconf 87' lang='lat' dir='ltr'>poeta</span> <span class='ocrx_word' id='word_1_185' title='bbox 742 3884 842 3944; x_wconf 85' lang='lat' dir='ltr'>censet</span> <span class='ocrx_word' id='word_1_186' title='bbox 854 3919 862 3960; x_wconf 80' lang='grc'><em>,</em></span> <span class='ocrx_word' id='word_1_187' title='bbox 884 3878 921 3944; x_wconf 86' lang='lat' dir='ltr'>ab</span> <span class='ocrx_word' id='word_1_188' title='bbox 944 3879 996 3944; x_wconf 88' lang='lat' dir='ltr'>ille</span> <span class='ocrx_word' id='word_1_189' title='bbox 1017 3879 1161 3945; x_wconf 88' lang='lat' dir='ltr'>Lamaehi</span> <span class='ocrx_word' id='word_1_190' title='bbox 1181 3882 1366 3966; x_wconf 85' lang='lat' dir='ltr'>arrogantia,</span> <span class='ocrx_word' id='word_1_191' title='bbox 1392 3887 1421 3946; x_wconf 92' lang='lat' dir='ltr'>et</span> 
     </span>
     <span class='ocr_line' id='line_1_28' title="bbox 406 3997 1422 4087; baseline -0.003 -20"><span class='ocrx_word' id='word_1_192' title='bbox 406 4005 512 4067; x_wconf 81' lang='lat' dir='ltr'>insano</span> <span class='ocrx_word' id='word_1_193' title='bbox 541 3998 697 4087; x_wconf 84' lang='lat' dir='ltr'>pugnandi</span> <span class='ocrx_word' id='word_1_194' title='bbox 724 3997 842 4077; x_wconf 83' lang='lat' dir='ltr'>studio,</span> <span class='ocrx_word' id='word_1_195' title='bbox 874 3999 955 4082; x_wconf 89' lang='lat' dir='ltr'>quod</span> <span class='ocrx_word' id='word_1_196' title='bbox 978 4000 1069 4064; x_wconf 87' lang='lat' dir='ltr'>etiam</span> <span class='ocrx_word' id='word_1_197' title='bbox 1092 4001 1124 4064; x_wconf 93' lang='lat' dir='ltr'>in</span> <span class='ocrx_word' id='word_1_198' title='bbox 1147 4001 1212 4066; x_wconf 86' lang='lat' dir='ltr'>eius</span> <span class='ocrx_word' id='word_1_199' title='bbox 1235 4001 1315 4078; x_wconf 90' lang='lat' dir='ltr'>filio,</span> <span class='ocrx_word' id='word_1_200' title='bbox 1339 4007 1422 4086; x_wconf 83' lang='lat' dir='ltr'>patre</span> 
     </span>
     <span class='ocr_line' id='line_1_29' title="bbox 407 4115 903 4208; baseline -0.01 -23"><span class='ocrx_word' id='word_1_201' title='bbox 407 4122 499 4208; x_wconf 80' lang='lat' dir='ltr'>digno</span> <span class='ocrx_word' id='word_1_202' title='bbox 522 4118 710 4205; x_wconf 89' lang='lat' dir='ltr'>reprehendit</span> <span class='ocrx_word' id='word_1_203' title='bbox 732 4115 903 4202; x_wconf 76' lang='lat' dir='ltr'>Trugaeus:</span> 
     </span>
    </p>
   </div>
   <div class='ocr_carea' id='block_1_12' title="bbox 0 0 1728 5232">
    <p class='ocr_par' dir='ltr' id='par_1_15' title="bbox 0 0 1728 5232">
     <span class='ocr_line' id='line_1_30' title="bbox 0 0 1728 5232; baseline 0 0"><span class='ocrx_word' id='word_1_204' title='bbox 0 0 1728 5232; x_wconf 95' lang='lat' dir='ltr'> </span> 
     </span>
    </p>
   </div>
  </div>
 </body>
</html>
