3374 5232
837 429 877 488 50

352 636 433 702 bant.
480 637 583 706 Hodie
605 645 709 704 conus
727 637 789 701 dux
807 645 943 723 negatae
960 645 1180 723 pugnaturum,
1209 639 1269 702 nisi
1286 661 1369 723 prae·

352 755 414 832 ais
434 755 521 830 tuat.

686 878 740 942 aul
767 876 945 956 στρατηγὸς
968 877 1029 940 ote'
1046 876 1084 942 aa
1112 871 1155 946 εἷς

412 1000 471 1060 τῶν
493 997 549 1076 πρὸ
572 1003 626 1062 τοῦ
656 997 777 1071 σίτησιν
805 997 897 1079 firar'
908 995 1046 1076 ἐρόμενος
1075 996 1259 1062 Κλεαίνετον

414 1121 465 1192 νῦν
487 1117 515 1192 δ’
529 1117 583 1184 ἐὰν
605 1119 650 1197 μὴ
677 1117 836 1198 προεδρίαν
859 1117 974 1197 &icore
998 1117 1050 1182 acl
1077 1118 1119 1180 rol
1148 1117 1235 1179 acria

412 1238 446 1314 οὐ
466 1239 646 1320 μαχεῖσθαί
665 1249 776 1313 marro.

401 1447 502 1543 Quam
531 1456 649 1545 turpem
677 1449 854 1514 ariditatem
881 1449 1009 1533 Equites
1036 1455 1142 1534 poetae
1176 1449 1251 1512 socii
1281 1448 1377 1510 detes-

357 1573 455 1652 tantes
477 1568 578 1654 palam
600 1569 778 1653 profitentur
802 1591 834 1633 se
851 1589 947 1654 usque
966 1568 1115 1633 maiorum
1135 1589 1245 1646 mores,
1263 1567 1375 1650 quibus

357 1689 431 1776 mbs
452 1694 541 1770 aneta
562 1689 621 1768 sit,
644 1689 862 1756 observaturos.

650 1887 740 1964 ἡμεῖς
762 1885 789 1949 δ’
805 1884 953 1963 ἀξιοῦμεν
974 1895 1013 1966 τῇ
1042 1877 1131 1949 rro'aat

455 2013 569 2086 stactae
594 2004 742 2083 γενναίως
769 2006 899 2083 ἀμύνειν
928 2007 981 2069 καί
1009 2006 1084 2076 θεοῖς
1109 2003 1282 2084 ἐγχωρίοις.

389 2201 535 2266 ·Nullum
564 2223 620 2266 nos
647 2201 781 2288 petimus
814 2203 997 2287 praemium,
1030 2202 1130 2264 iocose
1159 2200 1290 2280 addunt,
1321 2200 1382 2264 nisi

362 2326 398 2400 pt
420 2320 510 2386 nobis
531 2320 623 2386 liceat
646 2319 768 2405 capillos
795 2321 970 2405 promittere
993 2325 1024 2384 et
1045 2320 1150 2383 lavari.

414 2438 479 2517 soli
512 2446 597 2504 erant
631 2438 758 2522 Equites
795 2445 825 2502 et
858 2439 1037 2517 nobiliores,
1078 2439 1132 2524 qui
1165 2439 1382 2525 rempublicam

365 2565 471 2636 eontra
500 2558 674 2630 effrenatam
705 2558 809 2645 populi
831 2558 985 2624 licentiam
1007 2558 1087 2623 tueri
1113 2565 1250 2644 possent,
1274 2559 1385 2644 stipsi

366 2679 516 2766 sapientes
546 2686 576 2744 et
602 2679 678 2743 boni
702 2700 795 2763 regno
824 2678 963 2764 stupidae
985 2677 1079 2762 plebis
1102 2683 1132 2741 et
1153 2677 1386 2762 demagogorum

367 2797 521 2884 tyrannidi
543 2798 635 2868 finem
661 2797 862 2882 imponerent,
891 2797 917 2860 si
940 2795 1069 2882 populus
1095 2814 1175 2859 nora
1201 2795 1278 2859 vitia
1300 2797 1388 2859 omit

370 2923 449 2994 teret
471 2923 502 2981 et
522 2916 633 2982 rediret
656 2916 695 2983 ad
715 2916 876 3002 pristinam
901 2916 1088 2981 modestiam.

416 3037 491 3105 Non
523 3042 623 3122 potest,
655 3035 737 3116 fieri,
773 3037 847 3120 quin
881 3057 933 3112 ea,
968 3059 1044 3122 quae
1067 3059 1107 3101 aa
1136 3039 1199 3102 411
1233 3043 1264 3100 et
1285 3041 1390 3121 postea

375 3157 505 3236 Athenis
533 3156 614 3230 faeta
645 3162 717 3223 snut
745 3158 852 3241 poetae
879 3178 940 3221 non
963 3156 1186 3242 displicuerint,
1210 3178 1392 3242 quamquam

375 3259 497 3342 aliunde
525 3297 542 3339 e
571 3274 684 3340 fabulis
717 3282 840 3360 apparet
868 3296 938 3340 eum
961 3275 1073 3361 pariter
1094 3275 1261 3341 lubidinem
1285 3274 1392 3360 oligar·

375 3397 507 3476 chicam,
536 3416 614 3479 quse
643 3394 725 3458 cives
754 3394 934 3479 opprimeret
963 3418 997 3459 ac
1026 3395 1178 3460 licentiam
1200 3395 1312 3483 plebis,
1337 3394 1392 3456 im-

281 3561 283 3565 ·
375 3515 527 3603 probasse.
545 3513 704 3578 Desiderat
723 3519 843 3600 tempus
863 3521 964 3579 actum
984 3538 1043 3601 quo
1055 3515 1111 3580 sub
1122 3515 1274 3580 moderata
1287 3513 1393 3599 populi

376 3633 581 3701 dominatione
609 3632 669 3696 viri.
700 3607 845 3718 praeclari
875 3642 906 3696 et
936 3656 1034 3699 rerum
1062 3635 1154 3720 periti
1176 3633 1393 3719 rempublicam

377 3753 630 3819 administrarent.

420 3873 555 3938 Saldtem
585 3873 687 3935 censet
716 3869 754 3934 ab
786 3868 825 3932 iis
852 3867 922 3934 solia
945 3872 1174 3956 expectandam,
1199 3871 1252 3955 qni
1276 3869 1395 3934 omissis

375 3992 501 4080 privatis
522 3989 633 4056 studiis
653 3987 786 4066 civitatis
802 3993 921 4060 aarum
939 3992 1105 4058 commodis
1122 3991 1298 4071 consulant,
1322 4012 1395 4074 quo·

376 4134 444 4198 tum
472 4107 637 4192 tuclotiltt
663 4107 767 4186 statim
797 4107 913 4182 desinat
940 4109 1066 4180 simulac
1089 4135 1105 4175 a
1129 4110 1215 4196 plebe
1245 4109 1344 4179 servili
1366 4113 1397 4172 ct
