3374 5232
818 429 858 490 53

309 667 380 722 σοον,
419 644 485 708 luce
519 643 628 707 clarius
662 632 709 707 est
743 649 773 708 et
806 650 886 708 reete
919 644 1133 729 iuterpretatur
1161 644 1262 709 Schol.
1287 645 1324 710 ad

310 763 401 848 Vesp.
425 765 504 828 3432

344 944 535 1030 (ξυνωμότας
559 944 584 1009 δ’
600 943 707 1024 ἔλεγον
731 947 801 1017 σοὺς
828 945 878 1009 ἐπὶ
903 944 1077 1010 curcurlum
1103 949 1157 1010 τοῦ
1178 946 1286 1030 δήμου)

353 1127 509 1192 Praeterea
527 1126 710 1191 extrinsecus
730 1147 849 1210 quoque
860 1125 1035 1190 imminebat
1046 1125 1208 1210 periculum
1220 1125 1326 1210 populi

309 1246 522 1324 dominationi,
554 1268 593 1309 ne
619 1245 778 1330 optimates
810 1268 877 1309 carm
906 1244 1153 1309 Lacedaemoniis
1182 1245 1326 1310 facientes

309 1387 373 1430 eam
405 1369 580 1428 everterent.
630 1363 731 1443 Quare
761 1365 930 1450 extemplo,
961 1364 986 1428 si
1010 1365 1064 1449 qui
1086 1361 1197 1428 nimiae
1219 1364 1326 1450 populi

308 1484 460 1550 licentiae,
479 1484 685 1548 adversaretur
715 1482 751 1547 de
774 1482 857 1547 urbis
884 1484 1054 1570 proditione
1080 1481 1325 1548 Lacedaemoniis

310 1602 454 1687 suspicari
466 1601 604 1666 solebant
616 1602 706 1666 cives.
737 1602 832 1666 Cuius
844 1603 886 1666 rei
898 1601 1172 1667 luculentissimum
1182 1600 1326 1666 habemus

310 1721 477 1807 exemplum
506 1721 538 1786 in
562 1721 687 1808 Vespis,
719 1721 771 1786 ubi
796 1722 827 1786 in
851 1721 1083 1786 Bdeluoleonem
1106 1722 1150 1784 ita
1172 1720 1327 1786 invehitur

310 1841 480 1926 chorus·(v.
504 1843 598 1925 alb:

508 2019 528 2086 ὦ
552 2021 704 2100 μισόδημε
729 2022 781 2085 καὶ
806 2021 981 2103 μονοορχίοος
1005 2020 1121 2100 ε’ρμστοέ

508 2143 559 2207 aul
584 2143 676 2220 ξυνὼν
701 2141 847 2224 Βρασίδᾳ.

351 2326 544 2411 Quantopere
572 2324 720 2389 eiusmodi
743 2323 941 2410 suspiciones,
966 2323 1094 2406 quasin
1118 2342 1326 2406 quemcunque

308 2444 485 2509 nobiliorem
516 2443 648 2528 populus
676 2447 786 2506 temere
806 2442 904 2526 jacere
926 2438 1040 2505 solebat
1061 2445 1167 2526 poetae
1189 2440 1327 2525 displice-

307 2570 388 2641 rent,
411 2563 602 2649 cognoscitur
625 2584 640 2625 e
664 2584 739 2626 vers.
764 2561 873 2646 Vesp.‚
901 2560 952 2624 ubi
977 2559 1161 2624 Bdeluoleon
1187 2559 1326 2645 indigna·

307 2682 427 2748 bundus
450 2681 595 2746 exclamat
619 2680 721 2766 (Vesp.
745 2681 841 2764 488J2

372 2864 409 2933 ὡς
435 2858 548 2925 ἅπανθ’
573 2863 644 2938 ὑμῖν
667 2861 805 2940 σνρμννίς
831 2862 896 2925 ἐστι
922 2860 973 2923 nul
997 2859 1170 2936 ξυνωμόται

373 2983 406 3056 ἦν
430 3005 466 3045 σε
490 2982 593 3063 μεῖζον
617 2981 650 3055 ἦν
674 2979 849 3044 σ’ἔλοοσσον
871 2980 1009 3061 σροῖνμοὶ
1033 3004 1079 3052 τις
1103 2989 1260 3060 aaronem?

373 3097 406 3175 ἧς
430 3104 490 3179 ἐγὼ
514 3105 567 3167 οὐκ
590 3103 707 3177 ἥκονσοο
730 3102 852 3180 τοῦνομ’
876 3102 941 3166 οὐδὲ
966 3101 1146 3174 πεντήκοντ’
1169 3101 1253 3164 ἐτῶν.

249 3265 253 3278 ’
305 3291 336 3348 et
364 3283 461 3369 lepide
489 3306 551 3349 rem
578 3283 787 3368 paroediatur:
816 3283 876 3347 iam
899 3283 1078 3346 salsamento
1100 3281 1189 3346 vilior
1210 3286 1255 3346 est
1278 3287 1323 3366 ty·

305 3402 424 3481 rannis,
447 3410 478 3467 et
500 3401 577 3466 nihil
600 3402 740 3467 usitatius
762 3402 795 3465 in
819 3402 883 3466 foro
905 3400 1032 3486 piscario
1055 3423 1145 3485 quam
1163 3399 1216 3464 illa
1237 3422 1323 3465 aceu-

306 3522 382 3586 satio
407 3524 448 3604 (v.
471 3521 566 3604 493):

373 3699 406 3773 ἣν
430 3700 486 3774 μὲν
511 3699 624 3771 antrat
646 3723 692 3771 τις
718 3701 836 3779 ὀρφὼς,
861 3698 1053 3779 μεμβράδμς
1079 3699 1109 3762 δὲ
1132 3701 1176 3776 μὴ
1199 3698 1269 3781 θέλῃ

372 3817 476 3888 εὐθέως
502 3818 628 3898 εἴρηχ’ὃ
652 3826 760 3884 πωλῶν
785 3819 914 3893 πλησίον
938 3819 996 3889 τοὶς
1020 3818 1211 3898 μεμβράδος

374 3933 458 4009 οὗτος
483 3942 610 4018 ὀψωνεῖν
634 3939 712 4020 ἔοιχ’
724 3938 875 4020 ἄνθρωπος’
900 3940 950 4004 ἐπὶ
975 3937 1136 4018 σνροοννίδν.

351 4119 469 4200 Quibus
493 4121 592 4186 verbis
615 4120 750 4186 ridiculis
770 4121 846 4184 nihil
867 4121 967 4206 aptius
988 4118 1048 4182 dici
1074 4123 1191 4204 posset,
1218 4117 1322 4195 oredo,
