3374 5232
807 420 845 483 77

320 634 597 700 obscurissimarum
621 633 864 718 quisquiliarum.
900 633 980 718 Ergo
997 633 1150 719 Trugaeus
1170 637 1222 719 qui
1242 638 1338 723 ipsius

320 763 425 843 poetae
454 754 631 820 senteutiam
662 755 694 817 iu
724 753 779 816 bac
808 751 909 817 fabula
931 752 1021 832 dicit,
1053 755 1147 820 iratus
1171 763 1257 842 rogat
1287 781 1336 823 va·

321 885 381 940 tem
411 877 494 960 (Pac.
521 873 637 955 luen:

435 1048 496 1134 ripa
519 1052 693 1134 Φενακίζιον
719 1053 790 1116 ποτ’
814 1053 992 1127 Ἀθηναίους
1016 1052 1061 1116 ἔτι
1093 1053 1229 1128 παύσεις

362 1234 463 1298 Huius
505 1254 627 1318 quoque
672 1232 742 1296 mali
786 1233 952 1298 remedium
990 1233 1054 1298 fore
1092 1255 1197 1319 pacem
1237 1241 1335 1321 putat.

317 1354 403 1417 'lunc
426 1353 505 1416 enim
529 1357 630 1417 actum
652 1353 709 1418 erit
731 1351 768 1415 de
786 1351 967 1416 auctoritate
980 1351 1116 1416 omnium
1131 1359 1333 1418 veteratorum

315 1481 344 1536 et
367 1474 403 1538 de
426 1472 591 1537 honoribus
614 1493 691 1555 quos
714 1495 731 1534 a
754 1471 863 1572 stolida
882 1469 967 1556 plebe
987 1471 1141 1557 accipiunt
1159 1473 1334 1557 (v.·1084):

273 1693 276 1701 ι
392 1653 425 1716 οὔ
455 1675 530 1716 ποτε
555 1653 725 1723 δειπνήσεις
755 1649 799 1714 ἔπι
824 1655 878 1713 ποῦ
902 1655 1009 1715 λοιποῦ
1038 1652 1062 1712 ’ν
1075 1652 1257 1732 πρυτανείῳ.

357 1831 455 1911 Quam
490 1851 552 1893 rem
585 1828 676 1892 etiam
709 1826 782 1891 alibi
817 1827 932 1913 populo
966 1827 1072 1893 obiicit
1104 1837 1212 1914 poeta,
1249 1832 1332 1916 quod

312 1951 473 2029 honorem,
503 1949 557 2032 qui
586 1952 674 2012 antea
705 1946 825 2010 nonnisi
848 1946 1092 2032 praeclarissimis
1117 1950 1190 2014 viris
1213 1950 1333 2016 coutin-

310 2077 408 2156 geret,
439 2069 499 2133 iam
528 2067 688 2153 largiretur
715 2066 825 2151 cuique
855 2066 1075 2145 defraudatori,
1107 2069 1214 2154 populi
1237 2069 1328 2135 saluti

311 2187 485 2267 obsistenti,
510 2195 544 2252 ut
567 2210 621 2251 sua
644 2192 778 2272 augeret.

354 2307 439 2388 Quae
469 2305 599 2393 populus
630 2328 689 2370 nou
723 2305 859 2384 videbat,
891 2312 969 2370 recte
991 2306 1135 2392 perspicit
1158 2309 1333 2394 Trugaeus,

308 2449 398 2511 quem
424 2433 511 2512 poeta
545 2427 577 2490 in
608 2447 727 2490 scenam
750 2424 890 2510 producit
925 2424 1040 2505 civem,
1064 2426 1110 2490 uti
1133 2411 1329 2514 Dicaeopolin

306 2546 481 2632 sapientem.
528 2545 730 2627 Quamobrem
760 2543 852 2608 libere
883 2551 913 2607 et
942 2546 1141 2631 contemptim
1163 2549 1326 2634 respondet

307 2665 420 2731 hariolo
458 2665 609 2730 vaticiniis
648 2663 782 2728 obscuris
821 2664 933 2749 populo
975 2687 1078 2751 pacem
1117 2665 1324 2733 dissuadenti:

307 2808 366 2851 non
395 2787 575 2871 requirimus
600 2784 718 2850 oracula
740 2783 863 2848 Bacidis
886 2783 933 2848 tui
958 2791 1090 2869 tuaeque
1116 2784 1264 2871 Sibyllae,
1293 2793 1328 2850 ut

305 2928 429 2993 agamus
451 2905 540 2971 nobis
562 2911 593 2970 et
613 2903 793 2990 reipublicae
819 2903 907 2968 utilia
932 2905 1061 2988 (1080):

350 3084 485 3150 dalida!
513 3091 591 3165 χρῆν
616 3087 721 3161 darier
753 3085 786 3148 οὐ
812 3081 996 3147 παύσασθαι
1027 3088 1242 3160 πολεμοῦντας

350 3207 366 3280 ἥ
397 3204 636 3278 διακαυνιάσαι,
662 3203 781 3284 πότεροι
808 3203 1028 3280 κλαυσούμεθα
1054 3205 1158 3286 μεῖζον

350 3326 414 3403 ἐξὸν
441 3325 659 3405 σπεισαμένοις
689 3337 770 3407 κοινῇ
800 3325 854 3396 σας
880 3324 1031 3396 Ἑλλάδος
1059 3324 1184 3406 ἄρχεινς

347 3504 385 3569 Iu
415 3506 525 3570 malam
552 3527 670 3570 erucam
697 3505 780 3570 abire
803 3504 886 3570 iubet
909 3505 1079 3585 hominem,
1103 3506 1157 3590 qui
1182 3507 1322 3591 quamvis

303 3624 476 3702 bellicosus,
516 3632 617 3690 tamen
654 3626 744 3691 lautis
782 3625 878 3712 epulis
913 3631 1035 3711 propter
1068 3648 1172 3711 pacem
1207 3628 1321 3714 paratis

300 3745 442 3809 iuteresse
464 3745 571 3832 cupit.
625 3743 670 3809 Ut
707 3745 898 3832 Dicaaopolis
931 3744 1136 3824 Lamachum,
1172 3747 1216 3810 sic
1248 3747 1321 3812 Tru·

301 3887 393 3951 gaeus
416 3865 465 3930 bic
488 3888 542 3931 sua
562 3865 714 3930 comedere
729 3853 924 3930 iubet'vatem
941 3866 1009 3950 (τὴν
1026 3861 1193 3942 Σίβυλλαν
1210 3863 1316 3949 ἔσθιε).

300 3981 337 4047 In
369 3985 540 4050 memoriam
570 3991 710 4049 revocant
740 3985 832 4064 haec,
862 4006 1040 4070 responsum
1072 3983 1236 4049 Alexandri
1268 3986 1318 4050 cui

299 4108 384 4168 vates
413 4103 564 4169 molestias
592 4104 730 4170 exbibet:
766 4127 923 4182 censesne,
948 4109 1047 4170 tantas
1073 4125 1120 4168 res
1144 4126 1205 4170 nou
1227 4127 1318 4191 pecu-
