3374 5232
816 404 854 466 87

325 618 406 682 laute
435 620 585 682 viventem
614 639 752 696 cernens,
779 615 838 679 sibi
868 605 986 700 quoque
1009 614 1086 700 petit
1109 620 1223 700 partem
1246 613 1339 684 bone

324 759 408 818 rum,
432 736 627 823 respondetur
652 735 742 820 (ach.
768 737 861 819 9673:

456 946 531 1010 αλλ’
555 944 605 1009 ἐπί
630 944 755 1024 ταρίχει
777 946 847 1015 τοὺς
872 945 986 1025 λόφους
1011 944 1208 1025 κραδαινέτω.

365 1157 497 1222 Simulac
518 1157 596 1222 bona
614 1158 697 1243 pacis
715 1159 871 1242 comparit
890 1157 1013 1237 chorus,
1032 1159 1107 1236 viri,
1127 1178 1216 1241 quem
1232 1155 1333 1241 paullo

318 1287 386 1341 ante
417 1279 563 1342 conviciis
593 1277 805 1363 proscindebat
833 1277 872 1340 ob
898 1278 980 1362 pacis
1003 1299 1146 1356 amorem,
1171 1277 1333 1340 nunciam

316 1397 420 1461 laudat
450 1383 645 1484 sapientiam
675 1397 756 1482 quod
779 1405 858 1462 recte
881 1398 982 1482 arguit
1005 1419 1105 1461 veram
1129 1395 1223 1482 plebis
1245 1393 1331 1459 indo·

315 1516 387 1595 lem,
426 1541 502 1602 quae
537 1493 624 1582 caeca
657 1519 774 1603 sibique
807 1539 866 1582 non
905 1523 1061 1595 constans,
1097 1515 1200 1581 statim
1234 1539 1269 1580 eo
1300 1539 1331 1580 se

316 1637 420 1714 vertit,
445 1636 498 1701 ubi
521 1638 616 1701 cernit
639 1638 793 1701 commoda
813 1646 843 1700 et
858 1637 998 1700 iucunda.
1022 1636 1173 1701 Vidistine
1192 1643 1244 1716 tu,
1266 1659 1330 1700 mea

315 1757 402 1834 urbs,
436 1757 581 1835 exlamat,
618 1757 714 1820 virum
747 1756 929 1842 sapientem3
960 1779 1034 1840 quas
1063 1778 1110 1820 res
1145 1777 1217 1840 pace
1249 1753 1329 1820 facta

312 1853 402 1939 babet
430 1875 564 1954 venales,
596 1875 667 1938 alias
696 1875 779 1939 domi
809 1875 915 1954 utiles,
947 1875 1019 1938 aliae
1049 1874 1087 1939 ad
1110 1873 1327 1939 comedendum

312 1993 519 2073 dulcissimae,
544 2017 621 2078 quae
644 2016 748 2058 omnes
771 1994 798 2058 ei
822 1996 909 2079 quasi
934 1994 1010 2059 ultro
1033 1993 1179 2059 affluunt?

356 2112 418 2193 Qui
453 2121 539 2178 antea
569 2115 613 2177 ira
644 2115 793 2178 occaecati
820 2137 923 2200 pacem
954 2114 1186 2179 contemnebant
1218 2113 1329 2178 Achar-

310 2255 415 2297 nenses
446 2234 612 2320 conspectis
647 2233 760 2297 deliciis
799 2256 875 2318 quae
903 2234 988 2298 affert
1018 2235 1246 2314 commercium,
1279 2257 1328 2297 ex·

310 2352 418 2436 templo
448 2352 560 2416 bellum
590 2359 782 2417 exsecrantur
811 2361 841 2417 et
864 2353 986 2417 fervidis
1009 2353 1127 2417 creticis
1154 2354 1245 2417 ianua
1272 2376 1326 2418 sua

308 2471 484 2555 prohibent:
514 2495 699 2556 „numquam
726 2473 806 2558 apud
836 2495 885 2537 me
906 2472 1048 2558 recipiam
1073 2469 1202 2553 bellum,
1227 2497 1325 2559 neque

307 2588 497 2654 discumbens
535 2589 627 2655 ecclia
668 2598 755 2673 canet
791 2592 828 2655 de
866 2591 1047 2672 Harmodio,
1086 2589 1132 2657 ίτι
1172 2593 1321 2672 παροίνιος

305 2712 377 2790 aaa
401 2708 462 2791 ιρι
487 2710 576 2794 (ιον.
602 2712 693 2796 caat:

339 2975 340 2980 ,
392 2914 474 2989 ίοτις
499 2921 549 2983 ἐπὶ
575 2918 669 2984 πάντ’
692 2920 788 2997 οίνοίί
813 2919 945 3001 ἔχοντας
970 2921 1174 3000 ἐπικωμάσας

392 3039 560 3116 εἰργάσατο
586 3038 693 3103 ποίντα
716 3042 799 3104 κακοί
824 3041 998 3122 κοίνὲτραπε
1023 3043 1153 3124 κοίξὲχει

390 3156 577 3238 κοίμοίχετο,
604 3161 655 3224 καί
682 3161 804 3239 προσέτι
829 3163 935 3226 πολλοὶ
958 3165 1204 3243 προκαλουμένου

390 3285 476 3350 πῖνε,
502 3279 690 3353 κατοίκειοο,
715 3283 799 3358 λαβὲ
822 3282 912 3355 τήνδε
935 3285 1123 3362 Φιλοτησίαι

387 3397 445 3469 τοὶς
469 3398 617 3478 χαρακας
642 3397 720 3474 ἧπτε
744 3405 823 3466 πολὺ
847 3408 970 3480 μᾶλλον
999 3403 1043 3470 ἔτι
1067 3409 1109 3486 τῷ
1134 3409 1220 3487 πνρί,

388 3517 490 3597 ἐξέχει
515 3522 539 3583 θ’
564 3523 646 3597 ἡμῶν
671 3521 727 3604 βία
752 3524 803 3586 τὸν
828 3520 901 3589 οἶνον
927 3527 959 3588 ἐκ
983 3529 1042 3590 τῶν
1065 3529 1226 3604 οίμπέλον.

344 3728 405 3810 Qui
429 3728 556 3794 ultimus
579 3733 676 3795 tristis
701 3734 857 3798 trochaeus
884 3743 963 3799 recte
987 3736 1137 3822 signifieat
1157 3715 1308 3820 dolorem,

297 3845 350 3928 qui
375 3846 574 3914 Athenienses
598 3850 668 3914 vino
698 3853 832 3937 privatos
856 3855 1013 3919 invaserat.
1049 3857 1165 3942 Nempe
1191 3857 1223 3922 id
1246 3859 1309 3943 egit

296 3971 397 4049 poeta,
434 3973 468 4030 ut
506 3969 651 4033 sentirent
687 3971 768 4034 cives
803 3971 916 4037 bellum
958 3974 1038 4057 quod
1076 3975 1245 4060 speciosum
1279 3985 1310 4041 et

296 4089 413 4168 gratum
450 4107 481 4149 se
505 4090 757 4170 commendasset,
789 4091 831 4155 nil
854 4093 911 4155 nisi
936 4093 1077 4158 damnum
1104 4103 1134 4159 ct
1156 4097 1308 4188 miserias,
