3374 5232
711 369 844 470 ἰν

321 641 396 700 quae
429 619 484 680 sibi
515 640 614 680 revere
643 619 703 679 sint
727 617 894 694 commoda,
919 639 1016 700 neque
1039 617 1160 680 credens
1184 626 1332 680 oratorem

320 735 401 797 falsis
428 736 596 819 promissis,
620 735 830 821 rogat10vem
857 737 939 818 (Pac.
965 739 1034 818 62):

455 898 474 962 ὦ
503 905 583 969 Ζεῦ,
611 900 639 962 τι
664 901 811 979 δροιοείεις
838 903 903 964 ποθ’
928 903 1011 978 ἡμῶν
1034 901 1085 964 τὸν
1111 907 1205 974 asoa,

454 1023 559 1094 λήσεις
590 1022 719 1102 οεοιντὸν
746 1022 804 1092 τοὶς
831 1019 936 1092 πόλεις
962 1021 1145 1092 ἐκκοκκίσας

361 1184 436 1249 Eam
467 1187 588 1254 turbam
615 1194 777 1273 agrestem,
809 1208 945 1274 magnam
969 1188 1082 1252 civium
1103 1194 1232 1273 partem,
1256 1210 1332 1274 quae

316 1306 454 1391 inprimis
476 1314 581 1393 poetae
604 1307 687 1372 cordi
710 1308 802 1373 fuisse
825 1307 959 1389 videtur,
987 1307 1068 1392 quod
1090 1306 1229 1393 agricolis
1251 1307 1331 1372 bello

316 1427 418 1490 omnia
451 1433 549 1491 essent
583 1434 699 1514 erepta,
734 1451 803 1514 prae
836 1428 943 1494 ceteris
976 1427 1186 1516 placatiorem.
1204 1434 1234 1492 et
1262 1429 1330 1514 paci

314 1546 535 1632 propensiorem
566 1549 679 1626 facere,
709 1553 829 1612 strenue
853 1546 1018 1617 contendit,
1058 1542 1158 1612 ‘cuius
1181 1547 1225 1610 rei
1247 1547 1330 1617 locu·

314 1663 431 1730 lentum
453 1666 599 1736 habemus
622 1667 790 1754 exemplum
814 1666 964 1756 fabulam,
988 1687 1065 1754 quae
1088 1666 1329 1732 Acharnensinm

314 1785 435 1850 nomine
457 1787 602 1873 inscripta
625 1794 680 1852 est.
704 1786 817 1851 callide
840 1788 921 1850 enim
944 1785 996 1850 hic
1011 1807 1062 1849 eos
1081 1785 1196 1850 animos
1213 1787 1331 1857 flectere

315 1912 441 1969 conatus
465 1911 512 1969 est
536 1906 771 1992 Aristophanes,
795 1927 872 1990 quos
887 1905 1331 1991 maximeparatosadendien·

316 2023 388 2088 dum
411 2025 542 2106 sciebat,
566 2026 603 2091 de
627 2026 736 2112 quibus
760 2049 821 2091 non
833 2025 1051 2102 dubitandum,
1075 2026 1149 2110 quin
1165 2025 1332 2112 ademago·

314 2145 362 2230 gis
385 2146 457 2210 solis
480 2147 566 2231 quasi
591 2147 701 2211 vinclis
725 2148 863 2224 coerciti,
893 2146 920 2209 si
942 2145 1032 2210 modo
1050 2145 1171 2226 liceret,
1204 2146 1332 2231 primam

316 2266 480 2352 arriperent
495 2268 680 2332 occasionem
704 2267 737 2330 in
759 2266 917 2353 pristinam
928 2265 1073 2330 redeundi
1084 2265 1163 2330 vitae
1173 2266 1331 2331 rationem.

358 2384 448 2466 Quod
471 2388 659 2453 vehementer
683 2387 768 2473 cupit
790 2386 899 2451 choros
922 2385 955 2449 in
981 2385 1059 2450 Pace
1082 2387 1124 2470 (v.
1149 2388 1240 2472 Sistit:

380 2545 404 2607 εἰ
429 2545 490 2624 νοὶρ
521 2546 669 2624 ἐκγένοιτ’
696 2546 768 2609 ἰδεῖν
793 2543 912 2616 τοιύτκν
935 2567 975 2622 με
1005 2544 1060 2616 τὴν
1087 2542 1205 2622 ἡμέριον

375 2667 482 2730 πολλοὶ
511 2667 573 2748 γὰρ
599 2665 781 2751 ἀνεσχόμην

375 2789 567 2869 τροὶνμοιτοι.

354 2947 514 3033 Agricolae
538 2947 618 3010 enim
642 2947 744 3024 erant,
770 2942 824 3028 qui
848 2942 885 3006 ab
906 2949 1030 3027 utraque
1048 2948 1132 3030 parte
1149 2941 1327 3034 primabelli

209 3069 212 3078 ⁴
309 3065 385 3129 mala
404 3066 518 3152 experti
536 3070 636 3144 erant,
659 3085 728 3129 cum
746 3063 785 3143 ii,
810 3084 938 3147 quorum
956 3084 1045 3158 opera
1062 3061 1175 3128 bellum
1187 3067 1325 3128 exortum

308 3192 399 3268 esset,
424 3187 541 3250 lucrum
567 3185 636 3250 inde
658 3185 789 3249 iacerent
813 3183 897 3271 (Pac.
921 3185 1014 3266 625):

291 3377 294 3383 ·
373 3339 458 3425 κᾷτοι
483 3341 629 3412 τάκείνων
655 3366 694 3421 γε
724 3340 809 3421 κέρδη
839 3349 901 3413 τοῖς
927 3347 1074 3425 γεωργοῖς
1101 3333 1135 3413 ἦν
1158 3339 1253 3404 κοικοὶ.

372 3464 404 3526 ai
433 3463 495 3544 γὰρ
522 3461 629 3528 ἐνθένδ’
653 3458 692 3526 οιῦ
717 3464 845 3544 τριήρεις
871 3461 1167 3542 ἀντιτιμωρούμεναι

371 3586 451 3651 οὐδὲν
474 3584 579 3655 cirion
603 3578 640 3648 ta
662 3581 774 3664 ἀνδρῶν
801 3581 859 3653 τοὶς
883 3580 998 3664 κροὶδοις
1028 3581 1202 3656 κατήσθιον.

346 3741 436 3821 Mox,
459 3749 620 3829 postquam
642 3739 725 3826 plebs
748 3739 862 3809 rustice
886 3739 919 3804 in
942 3739 1047 3808 orbem
1065 3739 1248 3809 confluxerat
1267 3740 1320 3806 ubi

300 3859 343 3924 nil
371 3859 500 3924 habebat
521 3859 603 3945 quod
624 3860 752 3940 feceret,
776 3866 930 3927 oratorum
952 3858 1154 3944 eloquentiam
1177 3859 1319 3934 ιᾶιιιὶοοιί

299 4001 463 4065 eorumque
497 3979 708 4044 auctoritatem
742 3979 829 4064 sequi
863 3979 979 4065 eoepit,
1014 3979 1096 4063 quod
1129 3980 1316 4066 perniciesis-

300 4099 409 4166 simum
431 4099 613 4186 reipublicae
641 4107 713 4166 erat.
739 4105 782 4185 (v.
807 4103 869 4166 632
892 4099 995 4182 Pac.):
