3374 5232
870 365 912 428 δί

377 597 454 661 qnos
474 578 570 643 nimia
593 579 769 644 occaecabat
792 599 882 665 prava
904 578 1053 644 simultas.
1101 577 1170 644 Iure
1193 578 1331 666 quidem,
1355 579 1398 644 ait
1468 617 1470 622 ·

375 692 584 783 Dicaeopolis,
615 697 737 763 odimus
767 697 1038 779 lacedaemonios,
1074 698 1127 783 qui
1158 705 1278 764 nostros
1310 719 1398 785 agros

374 815 539 897 vastarint3
574 837 635 882 non
668 823 772 882 tamen
806 823 925 905 oportet
959 816 1032 882 adeo
1066 816 1128 884 irae
1158 816 1332 904 indulgere,
1362 822 1397 882 ut

371 934 440 1021 paci
470 933 494 1002 i.
522 957 549 1002 e.
578 936 694 1024 patriae
713 936 819 1008 ,saluti
847 937 927 1002 viam
955 935 1163 1016 obstruamus3
1193 957 1292 1020 neque
1318 957 1397 1001 arro-

370 1060 477 1142 gauter
495 1061 602 1143 putare
621 1079 677 1123 nos
694 1056 758 1122 sine
776 1055 867 1144 culpa
885 1078 965 1138 esse,
985 1055 1039 1142 qui
1058 1055 1162 1122 eadem
1177 1055 1273 1144 passi,
1292 1055 1396 1120 eadem

370 1174 559 1244 fecissemus.
596 1176 656 1242 Pro
682 1181 764 1242 certo
783 1174 926 1242 habetote
941 1175 1095 1262 ingentem
1114 1175 1279 1242 tumultum
1297 1180 1396 1240 orum

370 1295 434 1361 fore
457 1296 605 1377 Athenis,
627 1296 654 1361 si
677 1296 745 1382 quis
762 1294 1069 1362 Lacedaemoniorum
1088 1293 1227 1360 catellum
1243 1293 1396 1382 Seriphio·

369 1437 436 1481 rum
463 1417 582 1502 (parvm
602 1415 719 1481 insulae
737 1414 919 1501 incolarum)
940 1413 1106 1479 indicatum
1123 1412 1309 1479 vendidisset
1327 1414 1348 1478 i.
1368 1435 1395 1479 e.

369 1537 397 1601 si
412 1542 584 1602 nostrorum
601 1535 754 1602 sociorum
773 1534 933 1600 minimum
958 1533 1085 1600 minima
1103 1533 1272 1599 affecissent
1283 1531 1395 1598 iniuria

368 1656 415 1722 illi
437 1679 567 1743 qnorum
589 1656 622 1722 in
647 1656 760 1737 socios,
788 1654 929 1742 inprimis
951 1653 1145 1742 Megarenses
1167 1676 1223 1720 nos
1245 1659 1307 1718 tum
1329 1674 1394 1738 gra·

368 1775 446 1841 viter
466 1775 673 1863 peccavimus.

626 1934 835 2006 nahs'oih'i‘m
858 1939 897 2005 tn
921 1938 1028 2022 ἔδρατε

814 2065 882 2133 νοῦς
908 2059 956 2140 ἄρ’
973 2061 1044 2138 ὑμῖν
1067 2063 1121 2127 οὐκ
1145 2060 1198 2126 ἔνι.

411 2227 492 2293 Nam
522 2226 673 2292 dementia
696 2231 816 2313 captos.
831 2225 1033 2292 Athenienses
1056 2226 1209 2292 decretum
1232 2226 1390 2312 Megaren-

366 2348 445 2412 sium
466 2369 530 2412 non
554 2345 721 2412 abolevisse
744 2353 860 2426 censet,
885 2343 946 2432 quo
965 2345 1080 2411 bellum
1099 2345 1257 2433 prohibere
1275 2345 1391 2432 potuis·

366 2473 452 2548 sent,
476 2473 507 2531 et
529 2472 634 2554 postea
656 2487 761 2552 pacem
778 2487 930 2531 recusasse
947 2487 1038 2550 quam
1056 2463 1287 2530 Lacedaemonii
1306 2463 1391 2530 offer·

365 2593 449 2668 rent,
487 2583 680 2673 quamobrem
714 2583 774 2649 Dei
810 2583 880 2648 irati
914 2584 999 2650 sedes
1031 2583 1232 2668 reliquerant,
1269 2588 1304 2649 ut
1342 2605 1391 2648 co·

365 2707 443 2772 mice
477 2705 567 2792 fingit
594 2705 627 2769 in
656 2703 752 2784 Pace,
783 2726 893 2790 casque
920 2703 1099 2769 habitandas
1128 2701 1272 2768 dederant
1301 2701 1390 2768 bello.

365 2825 450 2912 (Pae.
474 2824 564 2910 211).
595 2809 598 2817 ’

520 2987 585 3063 ὁτιὴ
609 2993 780 3067 πολεμεῖν,
801 2987 915 3070 ᾑρεῖσθ’
926 2986 1045 3051 ἐκείνων
1070 2983 1225 3058 πολλάκις

519 3109 653 3180 σπονδὰς
678 3106 853 3174 ποιούντων.

409 3272 443 3340 si
467 3274 593 3348 victoria
615 3280 694 3339 esset
716 3277 869 3359 reportata
892 3293 997 3357 pacem
1013 3271 1212 3359 contemptim
1230 3270 1388 3358 repudiare

348 3393 502 3460 ,solebant
531 3393 730 3461 Athenienses
751 3392 857 3457 insana
875 3375 992 3479 *gloriae
1013 3391 1159 3480 cupidine
1180 3390 1324 3479 impulsi,
1353 3395 1387 3456 ut

363 3512 495 3600 legimns
517 3513 551 3578 in
574 3513 654 3579 Pace
677 3513 757 3598 (vers
781 3512 870 3598 215).

499 3679 524 3743 si
548 3671 627 3742 δἀὗ
650 3700 679 3741 τι
704 3673 854 3756 πράξαιτ’
868 3674 987 3753 ἀγαθὸν
1010 3674 1203 3739 accusasset

496 3795 635 3862 κᾶλθοιεν
660 3797 685 3862 οἱ
708 3794 856 3868 Λάκωνες
881 3795 996 3879 εἰρήνης
1020 3793 1087 3878 πὲρι

498 3917 620 3998 ἐλέγετ’
636 3915 674 3982 ἴα
698 3917 786 3994 ὑμεῖς
810 3914 896 3987 εὐθὺς
921 3914 1152 3993 ἐξαπατώμεθα

430 4099 433 4106 ,
478 4038 531 4114 ,νὴ
553 4039 607 4114 τὴν
632 4037 763 4111 Ἀθηνᾶν
787 4036 822 4108 νὴ
846 4035 897 4100 Δί’
909 4035 980 4116 οὐχὶ
1006 4035 1157 4102 πειστέον.
