3374 5232
816 419 857 478 63

326 651 393 693 cum
417 629 671 694 Lacedaemoniis.
709 629 777 709 Qua
799 629 917 693 invidia
935 635 1180 714 persequerentur
1197 628 1342 693 Periclem

326 748 378 832 qui
400 769 503 834 pacem
526 746 665 812 omnibus
687 748 787 812 modis
809 769 924 814 servare
948 748 1058 816 vellent
1079 747 1147 812 luce
1169 747 1279 812 clarius
1298 756 1343 812 est

325 872 355 931 et
384 867 482 952 ipsum
512 875 631 954 poetam
661 867 805 932 habemus
833 873 941 932 testem
962 869 995 930 in
1017 865 1095 930 Pace
1118 872 1150 930 et
1171 865 1357 944 Athaman-¹

326 985 407 1050 sibus
438 987 504 1072 (cfr.
531 986 613 1054 Plut.
636 985 744 1052 Pericl.
768 987 824 1052 vit.
850 1008 915 1071 cap.
940 987 991 1051 31.
1015 990 1068 1050 τοῦ
1092 985 1123 1050 δὲ
1147 986 1191 1063 μὴ
1214 985 1341 1057 talaiam

325 1107 359 1170 τὸ
390 1110 547 1190 ψήφισμα
578 1108 694 1178 πάντες
718 1107 863 1178 &radron
888 1107 943 1181 alra
967 1105 1070 1171 οοίτίοον
1094 1105 1272 1188 ἐπιφέρουσι
1298 1108 1341 1186 τῷ

324 1233 495 1312 Περικλεῖ).
540 1227 599 1293 Illo
622 1229 703 1295 enim
725 1234 862 1308 auctore,
887 1227 1038 1292 decretum
1057 1237 1136 1305 erat,
1159 1247 1198 1301 ne
1214 1225 1343 1311 amplius

324 1348 416 1434 legati
439 1348 476 1412 de
497 1347 577 1414 Pace
598 1350 631 1412 iu
648 1347 753 1412 urbem
770 1348 1016 1426 admitterentur,
1035 1369 1105 1411 cnm
1124 1344 1341 1424 Archidamus,

324 1475 359 1532 ut
386 1467 480 1533 Phua.
510 1475 610 1533 narmt
638 1469 702 1553 ipse
732 1467 844 1532 bellum
873 1473 1007 1532 avertere
1030 1466 1171 1552 cupiens,
1193 1466 1254 1530 iam
1276 1469 1342 1550 pro·
1452 1500 1454 1506 ·

324 1587 420 1651 lectus
458 1588 490 1651 in
529 1587 640 1652 bellum
673 1595 773 1652 tamen
807 1587 941 1651 mitteret
973 1587 1102 1673 legatos,
1137 1585 1191 1669 qui
1225 1584 1342 1650 animos

327 1706 557 1772 Atheniensium
580 1707 618 1772 ad
641 1728 745 1793 pacem
772 1707 892 1771 flectere
922 1711 1112 1771 conarentur.
1155 1703 1260 1789 (Phua.
1292 1703 1340 1783 H,

326 1827 390 1911 la.)
431 1825 521 1891 Unde
555 1831 679 1912 apparet
716 1825 827 1892 multos
858 1826 949 1891 etiam
980 1825 1061 1912 apud
1088 1823 1343 1890 Lacedaemonios

323 1944 429 2025 luisse,
453 1945 507 2030 qui
532 1968 637 2033 pacem
658 1945 784 2011 mallent
796 1947 832 2030 1).
1194 1958 1201 1968 “

366 2063 460 2129 Poeta
489 2066 539 2130 cui
561 2066 674 2131 bellum
698 2072 728 2131 et
750 2065 823 2130 belli
846 2072 983 2130 auctores
1008 2064 1100 2130 invisi
1129 2070 1229 2144 erant,
1263 2064 1343 2154 unde

324 2184 428 2249 odium
457 2192 536 2250 esset
565 2191 664 2250 ortum
690 2186 845 2250 universae
874 2184 1016 2250 Graeciae
1044 2184 1209 2269 perniciem
1237 2182 1342 2248 allatu-

324 2325 390 2369 rnm
410 2304 626 2392 Dicaeopolin‚
647 2306 720 2370 facit
738 2327 857 2370 causam
869 2314 1008 2392 agentem
1020 2304 1341 2384 Lacedaemoniorum,

324 2445 402 2509 quos
424 2424 503 2489 solos
525 2424 597 2489 belli
616 2431 752 2491 auctores
768 2426 980 2495 insimularent
996 2424 1198 2493 Athenienses
1215 2430 1245 2490 et
1262 2424 1342 2488 cives

324 2565 395 2608 suos
425 2552 629 2625 accusantem,
660 2546 740 2630 quod
769 2557 880 2611 temere
913 2521 1055 2632 speciosis
1085 2544 1214 2610 Pericles
1244 2543 1345 2608 verbis

323 2662 412 2728 fidem
442 2663 605 2730 habuerint
633 2688 739 2750 quem,
767 2673 798 2730 et
819 2667 851 2731 iu
873 2665 952 2730 Pace
977 2671 1009 2730 et
1030 2666 1063 2729 in
1082 2663 1341 2738 Acharnensibus,

324 2782 375 2848 dat
401 2783 538 2864 crimini,
562 2784 643 2868 quod
665 2785 703 2850 ob
725 2787 873 2872 privatam
897 2786 1079 2851 simultatem
1099 2783 1257 2850 Graeciam
1275 2805 1341 2870 per·

324 2903 455 2984 diderit,
484 2905 546 2969 sive
571 2905 649 2969 hanc
672 2906 736 2992 ipse
763 2908 877 2971 comice
899 2907 1003 2987 finxit,
1027 2911 1062 2971 ut
1079 2906 1113 2969 ri
1130 2906 1287 2984 ψήφισμα
1306 2905 1341 2968 τὸ

323 3023 374 3088 lul
404 3023 611 3104 λοοικοιοτρίοις
642 3024 714 3090 belli
744 3025 872 3090 miseriis
897 3032 1075 3112 opponeret,
1103 3025 1168 3090 sive
1189 3045 1341 3089 rumorem

323 3142 361 3208 ab
378 3144 510 3209 inimicis
531 3143 658 3210 Periclis
680 3143 848 3231 dispersum
871 3146 905 3210 in
927 3144 1032 3211 fabula
1053 3143 1208 3225 adhibuit;
1227 3143 1342 3209 nullam

324 3263 403 3329 euim
426 3264 463 3328 de
485 3287 573 3330 aare
596 3265 780 3331 mentionem
801 3266 875 3330 lacit
897 3265 1033 3330 historia.

366 3383 484 3469 Nempe
512 3383 657 3470 populum
687 3386 822 3471 increpat
852 3385 934 3470 quod
961 3384 1052 3450 unius
1080 3384 1139 3449 viri
1161 3369 1341 3449 auctoritate

324 3501 381 3566 sibi
403 3502 513 3568 bellum
536 3504 706 3590 persuaderi
729 3505 862 3586 sivisset,
889 3526 987 3590 neque
1016 3504 1179 3569 scintillam
1201 3503 1340 3590 exiguam

323 3620 362 3686 ab
384 3643 445 3688 nno
467 3623 577 3688 iactam
605 3635 639 3689 ut
668 3623 840 3692 incendium
870 3626 955 3692 fieret
977 3645 1137 3710 magnum,
1160 3623 1263 3694 statim
1289 3645 1339 3690 ex·

323 3740 477 3807 stinxisset
508 3741 591 3826 (Pac.
620 3743 708 3826 606).
753 3743 925 3810 Verisimile
955 3751 1001 3810 est
1028 3743 1177 3820 eiusmodi
1205 3765 1339 3816 rumores

698 3965 724 3997 Χ

356 4034 374 4100 ¹)
401 4037 450 4088 cfr.
471 4037 545 4088 Phua.
567 4038 593 4098 1,
615 4039 645 4088 25
669 3997 901 4105 aalinteeoc
923 4041 1087 4104 ἐψηφίσαντο
1115 4039 1261 4099 nolentia,
1291 4054 1338 4088 non

322 4115 444 4168 uua'voee
460 4119 536 4183 igitur
556 4121 614 4170 socii
631 4121 722 4172 bellum
740 4121 789 4172 dec.
823 4123 897 4174 *anu

890 4209 920 4271 Nl
