3374 5232
837 451 876 508 42

348 685 402 750 pro
431 685 525 749 regno
556 661 646 727 hebet
675 663 789 726 reveru'
805 683 869 730 esee
892 663 1087 744 servitutem,
1111 687 1172 749 que
1193 671 1371 730 tenes-ture

347 784 533 870 demagogis.
578 781 761 848 Bdeluoleou
796 783 877 846 enim
911 783 991 848 filins
1025 783 1080 867 qui
1113 784 1252 850 Cleonem
1289 787 1372 862 odit,

347 904 430 990 quod
447 904 515 968 eins
532 909 613 968 ortes
635 902 797 988 perspicit,
818 902 973 967 enucleate
988 904 1116 988 exponit
1130 904 1209 989 petri
1229 904 1372 992 populum

347 1022 481 1088 ludibrio
508 1022 633 1102 baberi,
656 1021 708 1107 qui
731 1027 767 1086 ut
789 1023 902 1086 serviet
929 1022 1031 1108 pravis
1051 1022 1187 1088 consiliis
1210 1024 1372 1092 mercedem

347 1143 488 1228 exiguum
505 1141 647 1228 accipiet.
689 1140 779 1206 Nihil
801 1143 904 1228 aptius
928 1143 1051 1228 opinor,
1077 1141 1115 1206 ed
1137 1141 1234 1228 plebis
1258 1143 1374 1208 animos

348 1267 454 1327 conen
491 1260 672 1347 demegogos
713 1260 924 1326 sollicitandos
963 1268 994 1325 et
1027 1260 1160 1326 taedium
1194 1261 1374 1330 movendum

348 1380 521 1468 potentiae,
544 1401 661 1465 quaec
685 1379 834 1445 servitute
860 1401 922 1444 nou
943 1377 1142 1465 discrepabat.

394 1505 484 1565 Anno
512 1505 613 1564 antem
647 1501 711 1562 422
743 1520 803 1584 quo
834 1499 922 1564 iestis
947 1499 1074 1565 Leueeis
1096 1498 1198 1564 tabule
1220 1507 1289 1565 sote
1310 1507 1375 1585 est,

348 1621 410 1686 ism
428 1619 512 1706 pecie
535 1618 717 1684 desiderium
741 1626 884 1684 creverat.
924 1618 1068 1684 Proximo
1088 1619 1170 1686 enim
1191 1641 1284 1702 anuo,
1305 1641 1375 1687 eum

349 1742 409 1806 iem
441 1740 479 1804 de
507 1761 542 1804 ee
572 1739 621 1825 egi
651 1745 793 1825 coeptum
823 1746 917 1819 esset,
948 1739 1074 1805 domum
1102 1739 1223 1804 urbium
1246 1739 1375 1806 defectio

350 1858 495 1946 optimum
521 1858 700 1944 preebuerat
730 1859 989 1944 opportunitatem
1023 1857 1130 1924 Cleoni
1157 1859 1272 1944 iisqne,
1309 1863 1374 1947 qui·

350 1977 406 2042 bus
429 1977 542 2042 bellum
572 1977 790 2058 necessarium,
820 1977 904 2063 pacis
927 1977 1161 2058 dissuadendee‚
1193 2001 1374 2066 quemquem

350 2096 579 2162 lacedaemonii
617 2096 712 2182 parati
747 2107 830 2162 erent
870 2119 932 2161 rcm
975 2098 1039 2162 iure
1078 2097 1218 2164 dirimere
1262 2100 1369 2185 (Tbue.

352 2215 410 2282 lv.
436 2219 524 2300 me).
1332 2193 1334 2198 ’

395 2337 512 2402 Rursus
534 2336 666 2422 populus
688 2337 814 2401 audiens
838 2337 936 2400 fuerat·
955 2335 1037 2400 dieto
1054 2337 1119 2401 eius
1135 2337 1373 2417 moderatorum,

353 2479 443 2542 quum
471 2456 600 2520 maxime
627 2461 750 2542 possent
779 2457 847 2540 poci
877 2455 1074 2521 obstantium.
1121 2455 1207 2536 Quae
1234 2479 1303 2520 cum
1332 2459 1376 2523 ite

353 2597 416 2640 sese
438 2574 596 2655 baberent,
621 2575 719 2640 denno
742 2582 868 2639 conetur
891 2582 981 2660 poete
1002 2581 1037 2640 ut
1057 2575 1291 2662 demagogorum
1307 2599 1375 2642 auc·

353 2697 505 2761 toritatem
528 2695 686 2760 obtrectet.
718 2694 880 2759 Personam
899 2695 1004 2781 fingit,
1025 2695 1265 2776 Philocleonem‚
1288 2699 1376 2762 cuius

352 2836 462 2879 nomen
496 2815 556 2878 iem
587 2815 688 2900 arguit
720 2815 815 2878 civem
849 2815 994 2880 Cleonem
1025 2837 1080 2901 pro
1113 2817 1176 2880 viro
1200 2817 1316 2902 optimo
1339 2817 1376 2883 de

353 2933 507 3020 republica
535 2935 640 2999 merito
669 2934 827 2998 habentem
859 2935 941 3019 quod
973 2935 1138 3000 mercedem
1167 2937 1285 3001 auxerit
1309 2937 1375 3022 (cfr.

355 3076 429 3118 vers.
456 3055 548 3138 196),
576 3053 790 3118 neomeniis
814 3055 852 3118 ed
876 3075 952 3138 quos
975 3061 1113 3140 spectent
1139 3055 1191 3120 ille
1218 3057 1375 3122 Therame-

355 3172 402 3235 nis
435 3167 501 3251 ηὸτι
538 3173 682 3252 δραχμῆς
718 3174 773 3264 τὴν
809 3173 899 3238 πόλιν
935 3174 1155 3240 οὶτοδο’δοντοον”
1186 3199 1263 3262 quos
1294 3179 1377 3244 furor

354 3290 509 3356 indicendi
541 3293 654 3356 invasit
685 3315 774 3377 quem
804 3300 893 3379 poeta
924 3293 1032 3359 acriter
1062 3294 1238 3381 perstringit
1266 3305 1296 3361 et
1326 3299 1376 3361 oui

354 3409 430 3473 melo
453 3411 563 3474 mederi
590 3413 690 3497 eupit,
719 3435 781 3477 non
803 3414 944 3498 ignorans
968 3414 1106 3480 morbum
1131 3423 1236 3480 curatu
1260 3417 1375 3481 difficil-

353 3528 459 3593 limum
509 3532 572 3596 iore
616 3532 814 3596 inveteratum
856 3532 997 3617 idemque
1039 3557 1127 3620 aegro
1170 3537 1374 3621 gratissimum

353 3647 458 3733 (Vesp.
483 3652 570 3734 650).

353 3827 498 3910 χολεοτδν
516 3831 573 3910 μὲν
586 3832 638 3895 uoci
652 3831 748 3905 δεινῆς
762 3835 885 3910 γνώμης
899 3834 951 3897 uc>
964 3835 1099 3916 μείζονος
1117 3834 1144 3909 ἥ’
1158 3835 1192 3898 τὶ
1207 3838 1372 3916 τρυγῳδοῖς

355 3950 503 4016 tererem
529 3950 611 4016 νοόον
635 3954 774 4034 ἀρχοειόον
798 3955 827 4016 ἐν
852 3963 890 4035 τῇ
914 3950 1002 4018 πόλει
1028 3955 1233 4020 ἐντετοκυῖαν.

399 4129 438 4193 In
468 4152 502 4193 ee
532 4129 632 4194 fabule
662 4137 746 4195 totus
775 4139 820 4196 eet
850 4139 937 4218 pocta
967 4134 999 4197 in
1026 4133 1137 4219 populo
1162 4133 1199 4197 ad
1222 4132 1373 4198 meliorem
