3374 5232
840 405 880 462 24

351 619 439 700 culis,
464 618 574 704 quibus
590 618 748 704 demagogi
764 616 882 702 plebem
900 615 1140 702 superstitiosam
1158 614 1243 698 qnasi
1260 612 1372 677 divinis

350 737 504 826 promissis
526 737 690 803 allicerent.
737 735 788 801 Sic
805 734 933 822 legimus
957 733 995 800 de
1017 733 1126 800 Cleone
1147 733 1204 818 Eq.
1229 735 1268 798 61

498 918 564 1002 ᾅδει
588 918 619 982 δὲ
642 918 823 1001 χρησμοὺς,
850 917 864 981 θ
888 917 919 982 δὲ
942 915 1037 998 γε’ρων
1059 915 1223 1001 σιβυλλιᾷ.

395 1099 476 1165 Nam
500 1099 636 1181 amabat,
659 1106 695 1166 ut
717 1098 783 1165 iam‘
806 1123 896 1186 snpra
925 1098 1074 1179 vidimus,
1104 1096 1189 1185 plebs
1209 1097 1370 1178 vaticinia,

350 1239 427 1303 quae
446 1217 529 1284 urbis
551 1219 682 1285 futuram
706 1218 832 1306 gloriam
854 1226 886 1284 et
907 1217 1066 1306 imperium
1084 1217 1121 1283 de
1139 1215 1209 1283 orbe
1225 1224 1369 1283 terrarum

350 1344 501 1404 canerent.
546 1339 645 1420 Quem
667 1338 806 1404 insanum
830 1360 961 1403 amorem
979 1335 1165 1424 lepidissime
1180 1336 1371 1424 paroediatur

351 1463 440 1544 poeta
464 1455 497 1521 in
519 1456 696 1542 Equitibus‚
721 1456 776 1523 nbi
798 1456 892 1522 Cleon
915 1462 946 1522 et
969 1453 1141 1521 insiciarios
1164 1453 1243 1520 inter
1266 1478 1368 1520 secer·
1415 1491 1420 1504 ·

351 1581 434 1656 tant,
457 1583 488 1641 et
509 1575 639 1663 populus
661 1599 745 1642 suam
764 1575 916 1663 promittit
938 1574 1064 1662 gratiam
1088 1574 1131 1654 ei,
1164 1573 1217 1660 qui
1240 1574 1371 1661 proferat

350 1693 629 1780 splendidissimum
660 1696 824 1761 oraculum.
861 1695 926 1781 (cfr.
958 1695 1014 1781 Eq.
1052 1696 1112 1762 797
1150 1717 1233 1780 seqq.
1266 1697 1368 1777 1012,

352 1815 594 1899 rost—1091).

395 1933 475 1998 Nam
499 1956 567 1998 cum
591 1933 642 1998 hic
663 1933 709 1998 illi
730 1931 853 2013 obiicit,
878 1935 960 2021 quod
983 1956 1055 1997 curn
1078 1935 1156 1998 malo
1181 1933 1283 2020 populi
1302 1937 1368 2020 paci

349 2049 464 2133 obstet,
490 2059 525 2117 ut
546 2052 669 2138 impunc
692 2053 806 2118 saeviat
829 2053 859 2117 in
884 2052 1051 2139 republica,
1077 2053 1235 2139 respondet
1259 2053 1369 2133 Cleon,

348 2171 435 2237 said
458 2171 567 2252 facere,
594 2173 675 2259 quod
694 2173 755 2237 fata
777 2174 967 2259 praecinant,
990 2171 1135 2258 populum
1158 2171 1317 2256 aliquando
1337 2173 1369 2237 in

348 2291 478 2356 Arcadia
506 2289 638 2356 indicem
668 2291 803 2378 quinque
832 2293 938 2358 obolos
968 2293 1133 2358 mercedem
1160 2299 1368 2380 accepturum:

350 2413 420 2496 (nq.
447 2412 533 2496 res).
658 2467 661 2472 .

727 2594 793 2658 ἐστὶ
811 2594 873 2675 γαρ
892 2595 922 2658 ἐν
937 2601 1000 2664 τοῖς
1021 2592 1169 2670 λογίοισιν

348 2716 386 2785 ὡς
410 2717 517 2778 τοῦτον
539 2713 587 2778 δεῖ
606 2716 675 2777 ποτ’
690 2715 721 2778 ἕν
742 2713 893 2796 Ἀρκαδίᾳ
915 2714 1113 2790 πεντωβόλου
1137 2714 1327 2789 ἡλιάσασθαι

349 2834 384 2909 ἥν
406 2832 568 2916 θναριεθνρ.
590 2834 715 2908 ποθνπως
738 2835 764 2900 δ’
782 2835 875 2900 αὐτὸν
897 2835 993 2917 θρέψω
1014 2837 1070 2913 ’νὼ
1090 2835 1142 2900 καὶ
1163 2835 1340 2916 θεραπεύσω

350 2953 528 3035 ἐξευρίσκων
549 2950 582 3020 εὖ
602 2955 654 3019 καὶ
676 2956 792 3040 μιαρῶς
815 2955 920 3021 ὁπόθεν
939 2955 974 3020 πθ
1000 2955 1164 3036 τριώβολον
1184 2953 1244 3034 ἕξει

395 3133 491 3200 Probe
513 3134 594 3201 enim
617 3137 675 3200 soit
701 3136 794 3204 Cleon
825 3159 911 3203 suem
940 3136 1149 3202 auctoritatem
1173 3137 1311 3224 inprimis
1336 3159 1370 3202 ea

350 3254 485 3320 mercede
514 3254 583 3321 niti.
615 3255 713 3320 Simul
738 3263 860 3344 apparet
882 3279 919 3321 ex
945 3256 998 3335 iis,
1028 3254 1137 3340 quibus
1156 3278 1227 3321 vcra
1248 3256 1370 3321 Cleonis

352 3373 478 3440 consilia
501 3375 622 3462 detegat
642 3377 836 3462 Agoracritos
864 3399 955 3462 quam
975 3382 1055 3442 recte
1077 3377 1257 3464 perspiceret
1279 3381 1369 3462 poeta

349 3496 584 3582 demagogorum
614 3499 692 3560 ortes
721 3502 751 3561 et
781 3496 887 3583 populi
916 3496 1071 3562 levitatem
1100 3504 1130 3562 et
1151 3495 1367 3583 ignorantiam,

350 3638 428 3702 qnae
460 3613 643 3702 impedirent
678 3616 840 3699 quominus
874 3616 938 3681 aius
965 3614 1131 3680 dominatio
1155 3621 1233 3680 stare
1256 3622 1368 3702 posset.

347 3734 430 3800 Nam
468 3733 624 3821 ingenium
666 3734 731 3816 eins
771 3734 928 3800 blanditiis
963 3733 1200 3820 muneribusque
1238 3734 1369 3800 flexibile

349 3851 492 3933 faciebat,
516 3861 551 3917 ut
570 3875 722 3918 summum
743 3853 922 3939 reipublicae
945 3854 1134 3918 commodum
1159 3876 1220 3918 non
1243 3853 1369 3941 respice·

348 3981 409 4054 ret,
434 3972 522 4039 euius
549 3971 674 4038 salntem
695 3974 865 4058 cuicunque
887 3973 1020 4044 crederet
1043 3974 1096 4058 qui
1120 3973 1248 4040 maxime
1271 3974 1367 4040 indul·

349 4099 434 4178 geret
456 4093 521 4158 eius
542 4092 727 4179 pravissimis
751 4093 871 4159 studiis.
897 4093 965 4178 (Eq.
993 4095 1101 4179 1108).
