3374 5232
842 451 881 512 86

358 681 448 744 seque
468 683 583 748 semper
603 663 740 746 quamvis
763 661 913 728 mordacia
936 685 1012 746 quae
1036 685 1105 729 vera
1127 665 1188 728 sint
1210 671 1280 730 ante
1303 687 1373 730 ocu·

358 777 403 841 los
426 779 597 864 positurum
618 781 740 845 civium.

359 945 391 1008 οὐ
415 944 554 1010 θωπεύων
577 947 638 1011 οὐδ’
661 947 823 1011 ὑποτείνων
844 948 988 1025 μισθοὺς,
1013 949 1074 1012 οὐδ’
1101 947 1330 1025 ἐξαπατύλλων

358 1065 424 1142 οὐδὲ
439 1071 618 1148 πωνονργῶν
628 1068 694 1132 οὐδὲ
712 1066 883 1148 κοντοὲρδων,
898 1067 986 1132 ἀλλὰ
1004 1068 1046 1132 τὰ
1056 1067 1214 1147 βέλτιστοι
1225 1066 1373 1133 δοδοέσκων

358 1230 566 1299 adversabitur
587 1233 649 1299 illis
671 1233 726 1318 qui
749 1232 947 1299 vociferantes
971 1232 1074 1321 (Vesp.
1100 1215 1187 1318 666).

638 1404 709 1484 οὐχὶ
730 1404 870 1485 προδώσω
894 1406 945 1470 τὸν
968 1403 1134 1478 Ἀθηναίων
1155 1403 1353 1484 κολοσυρτόν,

358 1525 448 1591 ἀλλὰ
463 1529 634 1606 μοοχσῦμοω
654 1524 722 1606 περὶ
744 1528 798 1589 τοῦ
820 1525 954 1599 πλήθους
982 1524 1031 1588 οἱοὶ

360 1706 560 1772 nihilominus
586 1706 735 1793 populum
763 1712 793 1770 et
817 1665 1031 1791 rempublicam
1059 1704 1252 1791 pessumdant
1274 1712 1305 1768 et
1327 1725 1374 1768 ve-

319 1812 321 1816 *
353 1848 427 1892 rum
453 1847 553 1894 rerum
582 1831 695 1892 statum
725 1823 886 1911 patefaciet
915 1825 1051 1905 civibus,
1078 1847 1116 1890 ne
1136 1825 1234 1912 specie
1257 1824 1375 1910 decepti

357 1946 433 2012 falsa
454 1968 509 2032 pro
532 1946 612 2012 veris
634 1945 765 2010 habeant
788 1946 892 2031 (Vesp.
920 1945 1117 2030 oue-723).

401 2066 625 2150 Quaecunque,
650 2065 694 2130 ait
717 2071 820 2130 contra
843 2086 890 2128 me
913 2064 1102 2130 machinetur
1124 2063 1237 2143 Cleon,
1260 2084 1376 2149 semper

357 2205 476 2250 summa
505 2207 575 2251 cum
605 2183 762 2270 diligentia
792 2184 907 2249 civium
938 2206 1071 2250 meorum
1102 2184 1193 2250 saluti
1224 2183 1375 2250 consulam

358 2304 502 2390 (Aeliam.
527 2305 614 2388 669).

535 2456 570 2520 τὸ
594 2454 657 2536 γὰρ
682 2444 728 2519 erl
742 2457 813 2533 μετ’
830 2455 905 2531 ἐμοῦ
927 2455 980 2518 aa)
1007 2453 1042 2517 τδ
1065 2453 1178 2520 δίκοωον

535 2575 709 2657 ξύμμαχον
734 2573 835 2640 ἔστων.

359 2816 426 2880 Iam
455 2837 576 2881 necesse
607 2817 665 2881 erit
693 2817 730 2882 de
762 2817 987 2896 iurisdictione,
1018 2817 1120 2904 populi
1150 2817 1287 2882 omnium
1317 2839 1379 2881 ma·

360 2937 445 3002 ximo
464 2913 578 3015 ¹vitium
600 2936 685 3002 fonte
709 2936 809 3023 paullo
831 2937 922 3002 latius
945 2936 1099 3003 disserere.

404 3056 613 3124 Democratiae
641 3056 730 3122 initio
758 3063 843 3122 erant
876 3051 968 3138 fines,
1003 3078 1079 3142 quos
1109 3061 1213 3142 postea
1242 3055 1378 3120 excessit.

361 3177 554 3262 Quamquam
574 3197 693 3242 summa
710 3199 810 3242 rerum
829 3199 920 3262 penes
939 3176 1115 3242 universum
1133 3181 1196 3240 erat
1218 3175 1379 3262 populum,

360 3303 462 3363 tamen
489 3296 684 3384 magistratus
714 3302 745 3359 et
778 3295 948 3361 iurisdictio
978 3301 1062 3360 erant
1096 3295 1276 3390 nobiliorum
1283 3322 1292 3374 3
1328 3293 1381 3358 sed

360 3437 421 3481 non
451 3415 549 3480 multo
577 3419 738 3501 postquam
768 3414 969 3480 Athenienses
997 3421 1149 3480 aeternam
1171 3415 1298 3500 gloriam
1321 3411 1380 3476 sibi

362 3541 590 3621 compararunt,
614 3533 652 3598 ab
675 3535 816 3600 universa
833 3534 960 3600 Graecia
983 3535 1147 3600 barbariem
1171 3534 1379 3613 defendentes,

362 3652 503 3718 omnibus
525 3651 681 3718 ordinibus
702 3653 752 3736 ins
773 3654 923 3719 honorum
946 3660 976 3718 et
998 3653 1166 3718 iurisdictio
1185 3659 1257 3717 sunt
1273 3652 1380 3718 delata.

364 3772 416 3838 Sic
446 3771 638 3838 multitudini
668 3773 803 3859 potentia
833 3778 882 3837 est
907 3793 1062 3853 concessa,
1094 3794 1172 3856 quae
1195 3772 1273 3836 male
1295 3794 1380 3836 usur·

363 3896 433 3980 pata
455 3892 616 3978 optimates
643 3891 767 3957 ditiores
796 3890 927 3957 maxime
954 3898 1090 3972 vexaret,
1121 3913 1198 3977 quos
1225 3891 1381 3978 plebecula

363 4010 495 4076 naturali
517 4009 649 4097 quodam
671 4011 742 4076 odio
763 4011 903 4098 persequi
925 4009 1002 4075 solet
1009 4036 1019 4089 ;
1042 4011 1079 4076 de
1098 4032 1158 4096 qua
1180 4033 1212 4075 re
1228 4010 1382 4076 verissime

362 4131 439 4197 dicit
460 4131 618 4197 Platonius
648 4131 885 4211 Grammaticus,
916 4132 951 4195 de
977 4131 1069 4194 curiis
1099 4130 1308 4197 ooamediurum
1333 4149 1382 4211 μο-
