3374 5232
847 405 887 466 34

362 625 392 684 et
420 619 542 703 insuper
565 625 671 683 testem
693 619 785 680 tanet
805 615 1028 701 Thucydidem,
1053 625 1222 681 narrantem
1248 617 1373 682 Atheni-

362 758 445 802 eueee
465 736 639 823 Sphaoteria
657 743 743 820 capta
759 736 873 800 maiora
889 743 1025 821 captasse
1041 735 1199 821 (μειζόνων
1213 736 1374 823 ὠρέγοντο)

361 861 391 921 et
414 879 503 943 saepe
524 856 640 942 legatos
661 854 774 920 infecta
794 877 827 920 re
844 856 974 920 tremam
992 855 1117 946 rediisse
1132 857 1201 941 <aar
1216 857 1374 929 ’πολλοὰοος

362 978 536 1058 <torremur
559 973 671 1046 αὐτούς
695 974 873 1054 ἀπράκτους
897 975 1110 1062 ἀπέπεμπον).
1158 975 1285 1043 Constat
1302 1000 1377 1062 quo·

260 1081 262 1086 ⁵
365 1115 424 1180 que
453 1094 704 1161 Iaeedaemonios
736 1102 807 1182 post
839 1095 1037 1161 defectionem
1067 1096 1192 1166 Seionae
1217 1120 1283 1163 rem
1314 1099 1379 1163 iure

367 1213 507 1280 dirimere
529 1215 678 1295 voluisse,
702 1236 797 1300 quum
815 1215 877 1300 jam
898 1237 977 1280 anno
995 1219 1059 1280 423
1080 1216 1117 1281 de
1134 1240 1207 1304 paee
1227 1219 1276 1304 agi
1294 1241 1379 1305 eoep-

367 1339 435 1398 tum
457 1340 552 1415 eeaet3
575 1335 626 1399 sed
648 1333 760 1400 Oleone
782 1341 903 1400 auctore
921 1336 1019 1400 denuo
1038 1335 1148 1401 bellum
1168 1359 1269 1423 gerere
1289 1338 1381 1403 Athe·

366 1452 521 1519 niensibus
542 1453 670 1540 placuit.
710 1453 818 1538 Itaque
839 1461 929 1540 poeta
946 1455 1121 1541 indignatus
1137 1457 1243 1520 insana
1269 1457 1382 1543 gloriae

367 1573 510 1659 cupidine
546 1591 624 1658 quae
647 1572 862 1660 rempublicam
886 1575 1020 1660 perderet
1042 1575 1147 1640 obucie
1169 1575 1279 1662 populo
1302 1577 1384 1662 quod

366 1713 429 1757 non
457 1692 586 1778 primam
615 1693 774 1779 arripuerit
802 1693 988 1759 occasionem
1012 1694 1099 1780 pacis
1127 1693 1299 1775 faciundae,
1331 1695 1382 1760 sed

366 1812 540 1899 demugogis
558 1812 771 1893 inservientes,
794 1811 909 1877 bellum
927 1813 1062 1898 protrahi
1082 1814 1165 1900 passi
1186 1813 1258 1878 sint.

411 1926 486 1998 reon
510 1932 574 1997 ‘nisi
603 1933 727 1998 deorum
750 1931 867 1996 auxilio
889 1933 1062 2018 saepissime
1081 1932 1256 2019 respublica
1278 1933 1384 2022 effugit

366 2051 517 2138 periuria,
543 2073 625 2136 -quae
649 2057 769 2138 propter
799 2050 955 2116 temerarie
988 2052 1112 2116 consilia
1141 2059 1172 2117 et
1205 2049 1386 2140 populiscite

365 2169 395 2236 ei
422 2170 626 2236 ‘imminebant
653 2170 725 2260 ¹(otr.
759 2164 845 2236 Nub.
874 2171 958 2250 337,
985 2171 1062 2237 coil.
1089 2175 1172 2252 475,
1195 2173 1252 2258 mq.
1283 2174 1384 2255 1055,

366 2289 421 2356 eui
439 2291 580 2377 tangitur
602 2290 707 2377 populi
729 2289 925 2374 δυσβουλίοο).

411 2409 515 2492 Nimia
548 2409 684 2495 undique
712 2416 823 2476 notum
852 2415 902 2476 eet
939 2411 1172 2478 Atheniensium
1205 2413 1380 2499 ingenium,

371 2552 462 2616 quam
489 2531 572 2617 quod
595 2529 768 2596 dubitemus
792 2529 867 2614 quin
886 2533 967 2596 recte
990 2537 1131 2618 tangatur
1154 2554 1170 2596 a
1189 2538 1294 2618 poeta,
1315 2533 1382 2598 iure

371 2671 442 2716 cum
463 2655 627 2730 metueret,
648 2672 689 2714 ne
712 2649 824 2716 civium
847 2650 1194 2737 peccatorempublicam
1206 2660 1384 2718 everterent.

373 2771 464 2852 Quod
486 2771 551 2858 ipre
573 2776 714 2857 expertus
729 2770 880 2855 ¹(Acheru.
905 2772 994 2855 630).

368 2949 626 3030 διοοβοολλόμονος
651 2951 737 3016 roeo
750 2955 808 3014 actv
820 2950 936 3030 ἐχθρῶν
946 2951 979 3014 ἐν
995 2949 1162 3026 Ἀθηναίοις
1177 2952 1389 3032 ταχυβούλοις

302 3130 306 3140 ,
378 3069 593 3153 &receptarum
620 3071 719 3136 rana
736 3072 800 3135 aaut
824 3070 895 3152 πρὸς
920 3069 1046 3144 'Atnvui
1044 3095 1095 3144 ους
1116 3072 1345 3154 μεταβούλους.

425 3253 516 3339 profit
517 3257 585 3318 etur
615 3251 704 3338 (Ach.
724 3255 808 3337 633)
838 3275 869 3317 se
899 3253 931 3317 id
962 3275 1062 3340 agere,
1096 3260 1130 3318 ut
1152 3261 1272 3319 moneat
1295 3255 1391 3335 cives,

374 3373 523 3439 nenimis
541 3363 722 3459 indulgeant
708 3373 878 3454 tlevitati,
902 3396 963 3458 qua
985 3373 1158 3460 demagogi,
1174 3374 1264 3460 legat'
1256 3397 1267 3438 1
1282 3373 1393 3457 aliique

382 3479 508 3560 abutant
494 3499 553 3559 t.ur
597 3482 725 3572 Nonne,
759 3492 803 3557 ait
811 3502 909 3579 ‚top
909 3493 969 3558 ime
1002 3493 1063 3558 de
1072 3493 1229 3580 republica
1263 3499 1392 3558 meretur

378 3619 488 3700 poeta,
523 3611 576 3699 qui
609 3612 721 3699 populo
756 3634 845 3698 penes
876 3634 964 3698 quem
995 3635 1113 3678 summa
1140 3605 1293 3700 potentia,
1323 3612 1393 3678 dare

381 3733 461 3800 'soie't
490 3736 604 3819 optima
634 3719 773 3811 consilia,
804 3738 839 3796 ut
866 3733 974 3818 spretis
1000 3732 1079 3798 dolis
1108 3740 1138 3798 et
1161 3733 1394 3812 blandimentis,
1477 3723 1482 3738 ’

381 3855 610 3936 meromontem
653 3874 716 3916 esse
757 3851 903 3916 desistant
941 3851 966 3916 si
1007 3853 1044 3917 de
1077 3845 1261 3939 reipublicae
1295 3852 1393 3917 salute

383 3979 500 4041 aatur.

400 3999 502 4158 gErat
536 4091 653 4156 vanitas
687 4091 790 4177 populi
821 4113 928 4178 magno
956 4087 1082 4157 ciuitati
1100 4091 1187 4158 malo.
1244 4090 1327 4156 Nam
1368 4091 1393 4153 si
