3374 5232
792 431 831 492 13

305 653 467 734 capessant.
525 646 605 710 Nam
639 644 766 710 simelae
801 652 900 708 metus
934 667 985 710 eos
1016 646 1182 726 invaserit,
1222 645 1325 711 statim

304 789 386 832 mare
407 773 438 831 et
459 771 575 830 montes
599 762 713 850 populo
741 765 940 849 promittunt,
970 772 1007 830 nt
1034 763 1177 830 Euboeae
1200 765 1326 830 divisio·

306 909 389 967 nem,
413 892 465 951 aut
491 883 713 971 qninquaginta
735 883 863 970 singulis
881 884 1025 951 frumenti
1043 883 1221 950 medimnos.
1251 883 1327 949 Mox

307 1013 408 1072 tamen
429 1010 512 1071 metu
534 1010 665 1084 remoto,
694 1002 772 1068 nihil
801 1002 889 1084 dant,
919 1004 980 1070 nisi
1009 1003 1079 1070 illas
1109 1004 1244 1091 quinque
1269 1026 1329 1071 me-

307 1126 425 1192 dimnas
447 1146 561 1212 nuper:

310 1305 362 1370 ιιοιὶ
397 1309 504 1370 τοῦτο
541 1301 630 1381 μόλις
660 1300 762 1379 ξενίοις
791 1301 919 1384 Φεύγυν
947 1301 1064 1381 ἔλυβες
1091 1303 1178 1368 κατὰ
1204 1303 1331 1385 χοίνικα

354 1426 469 1506 κριθῶν.

273 1567 274 1572 ’
311 1543 422 1627 (Sohol.
445 1544 484 1609 ad
505 1543 578 1610 Pae.
603 1543 664 1608 717
690 1541 783 1628 οοιι1.)

355 1724 425 1812 Ipsa
446 1723 516 1790 urbs
538 1724 660 1810 languet
681 1728 713 1788 et
734 1722 860 1810 penuria
882 1722 991 1805 effioit,
1016 1729 1051 1789 nt
1073 1723 1204 1811 populus
1226 1722 1335 1790 lnben-

313 1850 358 1909 ter
380 1844 481 1909 omnia
503 1843 633 1931 accipiat
651 1843 689 1909 ad
712 1842 925 1910 devorandum.
950 1841 1036 1930 (Pac.
1062 1844 1140 1928 611)

404 2025 442 2097 ,ἡ
465 2022 555 2095 πυλὶς
582 2024 644 2102 γὰρ
666 2025 811 2104 ὠχριῶσα
833 2023 892 2087 κοέν
914 2022 1006 2105 φόβῳ
1028 2020 1183 2100 καθημένη

427 2141 514 2207 ἅττα
537 2141 684 2221 διονβυίλοι
707 2142 755 2222 τὶς
783 2145 884 2225 αὐτῇ,
908 2141 1042 2208 τοῦτ’ὃιν
1067 2141 1165 2219 ἥδιστ’
1187 2141 1297 2218 ἤσθιεν.

427 2266 444 2338 ἡ
467 2263 497 2328 δὲ
521 2263 582 2336 τὰς
603 2262 734 2342 πληγὰς
756 2263 880 2344 ὁρῶντες
905 2261 943 2335 οἷς
968 2263 1127 2328 ἐτύπτονθ’
1136 2264 1161 2328 οἱ
1182 2260 1259 2340 ξένοι

427 2385 544 2466 χρυσίῳ
564 2389 623 2449 τῶν
646 2388 752 2448 τοῦτον
775 2383 938 2449 ποιούντων
962 2382 1088 2461 ἐβύνουν
1114 2384 1149 2448 τὸ
1173 2382 1278 2461 oripo

428 2503 500 2569 ὥστ’
517 2504 647 2576 ἐκείνους
662 2505 719 2582 μὲν
735 2511 860 2577 ποιῆσον
876 2502 1056 2583 πλουσίους,
1071 2504 1087 2578 ἡ
1106 2502 1260 2574 terite
1277 2500 1315 2567 dev

429 2623 642 2707 s’ffspnpcedeto'
657 2623 695 2689 dev
719 2625 801 2700 ὑμᾶς
829 2622 932 2688 ἔλουε.
957 2626 1064 2687 τοῦτον
1086 2618 1163 2697 δ’ἦνό
1185 2622 1257 2704 δρῶν

430 2743 643 2826 βυρσοπώλης.

365 2924 452 3005 Quae
467 2923 568 2989 omnia
585 2922 662 2987 mihi
680 2922 850 2990 luculenter
867 2922 1024 2990 ostendere
1043 2921 1202 3006 videntur,
1221 2928 1341 3012 poetam

322 3042 355 3107 id
376 3041 516 3130 inprimis
539 3065 642 3131 agere,
676 3043 711 3108 ut
739 3043 852 3130 populo
882 3042 1005 3130 planum
1030 3042 1140 3124 faeiat,
1165 3064 1257 3129 quam
1279 3047 1342 3107 stu·

322 3160 392 3248 pide
412 3161 585 3250 demagogis
601 3161 726 3243 serviat,
750 3163 831 3248 quod
848 3162 887 3228 iis
905 3164 1046 3251 praebeat
1067 3163 1342 3251 opportunitatem,

324 3302 475 3366 quaeum
498 3281 795 3368 deeipiantetoum
824 3281 902 3348 malo
933 3282 1114 3370 reipublicae
1141 3282 1200 3370 ipsi
1224 3283 1343 3350 luorum

324 3399 447 3484 faciant.
503 3371 642 3467 Cleonem
677 3409 708 3466 et
745 3401 893 3467 eiusmodi
928 3403 1009 3468 viros
1042 3401 1163 3466 nonnisi
1201 3401 1344 3468 damnum

327 3519 430 3586 afferre
452 3541 541 3607 posse
564 3521 684 3586 civitati
706 3521 861 3608 intelligit.
906 3520 1017 3587 Contra
1044 3543 1094 3587 eos
1117 3521 1259 3609 inprimis
1283 3543 1344 3587 oer-

326 3643 389 3704 tare
422 3637 550 3719 fatetur,
585 3639 618 3704 in
647 3638 753 3706 Parab.
775 3639 869 3727 Vesp.
894 3642 1022 3727 (1029),
1055 3640 1109 3707 nbi
1129 3641 1205 3706 dicit
1227 3663 1259 3706 se
1283 3664 1345 3707 non

326 3759 540 3824 homunciones
556 3758 677 3844 aggredi
700 3759 811 3839 solere,
835 3758 888 3824 sed
906 3759 1135 3846 potentissimos
1151 3754 1245 3841 viros,
1265 3759 1346 3825 unde
1411 3751 1415 3758 ⁴

327 3878 491 3943 maximum
517 3877 672 3944 immineat
699 3876 865 3964 perieulum
896 3877 1030 3958 eivitati3
1059 3879 1163 3944 statim
1191 3878 1287 3966 igitur
1316 3901 1347 3943 se

328 3996 415 4082 quasi
426 3996 565 4063 Herculis
577 3997 676 4063 furore
688 4001 872 4063 commotum
883 4019 1017 4083 pugnam
1036 3997 1142 4062 iecisse
1153 4019 1223 4064 oum
1235 3996 1346 4063 Oleone

329 4137 389 4202 qno
411 4114 546 4181 horribili
569 4122 700 4182 monstro
723 4114 878 4182 civitatem
901 4114 1053 4182 liberaret.
