3374 5232
820 401 882 466 102

381 619 537 684 Praeterea
569 617 742 682 invenimus
770 637 839 680 eum
869 621 991 680 strenue
1018 613 1191 678 suadentem
1215 611 1358 678 Graeciae

337 736 486 800 unitatem
521 757 598 820 quae
631 733 800 820 periculosa
834 727 1026 800 externorum
1061 731 1195 798 hostium
1230 731 1358 796 consilia

330 855 506 940 impediret,
526 861 557 919 ct
574 852 666 918 simul
685 853 793 917 acriter
809 851 1032 917 dissuadentem
1045 850 1168 916 stultam
1181 850 1357 936 cupidinem

331 972 449 1058 imperii
468 971 639 1056 prolatandi
656 976 739 1036 extra
758 970 903 1034 Graeciae
919 971 1007 1048 fines,
1026 969 1136 1034 deinde
1154 969 1250 1033 socios
1271 976 1358 1033 tuen·

273 1083 277 1094 ’
330 1098 390 1153 tem
404 1096 508 1154 contra
519 1088 645 1153 iniurias
657 1095 687 1152 et
698 1095 880 1167 monentem,
892 1110 931 1152 ne
946 1090 1082 1152 Athenae
1094 1086 1199 1151 durius
1211 1093 1241 1150 ct
1254 1085 1357 1152 incan-

329 1209 392 1272 tius
411 1208 528 1294 agendo
547 1207 765 1271 validissimam
786 1206 907 1292 imperii
929 1213 1045 1292 partem
1068 1229 1085 1270 a
1107 1229 1139 1270 se
1161 1204 1334 1270 alienarent.

375 1326 488 1391 Dolens
510 1347 581 1389 suae
604 1325 710 1390 aetatis
733 1325 821 1404 vitia,
845 1325 983 1410 inprimis
1006 1325 1074 1410 'post
1085 1324 1211 1389 Periclis
1223 1329 1351 1389 mortem

295 1491 299 1496 -
329 1449 417 1507 aucta
439 1439 533 1526 eaque
558 1442 749 1508 uehementer
770 1443 975 1528 perstringens
981 1491 998 1522 ,.
1015 1442 1165 1508 desiderat
1182 1442 1261 1507 illud
1275 1449 1353 1508 tem-

329 1583 385 1644 pus
404 1581 464 1644 quo
480 1560 607 1624 Graecia
615 1561 744 1626 maxime
754 1562 904 1640 floruerat,
918 1561 1055 1626 Athenae
1062 1539 1355 1628 omnibusGracciae

329 1677 505 1742 civitatibus
528 1679 750 1763 praestiterant.
795 1679 874 1743 'llum
897 1679 979 1743 enim
1002 1679 1136 1744 universi
1163 1679 1272 1744 Graeci
1293 1701 1353 1746 uno

305 1796 429 1890 ¹animo
460 1796 615 1860 coniuncti
646 1803 750 1892 contra
777 1797 895 1860 hostem
924 1818 1114 1861 communem
1137 1818 1220 1874 arma
1243 1819 1354 1862 sumse-

329 1920 413 1993 rant;
447 1913 551 1994 hodie,
584 1915 720 1998 queritur
748 1915 827 1979 inter
849 1915 932 1979 iocos
957 1921 1064 1999 poeta,
1088 1914 1197 1979 Graeci
1220 1915 1300 1980 iuter
1323 1938 1353 1979 se

329 2041 467 2117 pugnant
489 2032 733 2127 patriamquein
756 2031 888 2096 maxima
910 2033 991 2096 mala
1012 2032 1223 2118 praecipitant.

373 2147 578 2228 Quamobrem
605 2149 636 2212 in
666 2148 805 2214 omnibns
835 2149 947 2216 fabulis
977 2149 1109 2236 perlucet
1135 2151 1217 2236 pacis
1240 2151 1355 2216 deside-

328 2265 424 2344 rium,
460 2286 537 2349 quae
567 2265 711 2330 Graeciae
741 2261 930 2332 concordiam
962 2275 993 2330 et
1024 2268 1254 2349 commercium,
1286 2269 1354 2335 urbi

329 2383 464 2464 quietam
487 2382 669 2447 hilaritatem
692 2391 722 2447 ct
741 2385 892 2449 sociorum
911 2385 1048 2450 redderet
1072 2387 1353 2472 obtemperantiam.

372 2500 399 2562 ll
429 2499 542 2583 quibus
572 2501 712 2566 omnibus
742 2501 768 2565 si
791 2502 895 2588 colligi
918 2509 1018 2588 potest
1040 2505 1138 2589 ipsius
1160 2489 1364 2603 poetac'sen·¹

328 2616 438 2694 tentia,
464 2639 526 2682 non
548 2618 648 2683 minus
671 2626 817 2710 apparent
838 2619 956 2686 illorum
980 2622 1095 2702 studia,
1124 2625 1194 2708 qui,
1217 2632 1252 2690 ut
1269 2624 1354 2711 ipse,

328 2733 488 2800 effrenatae
517 2735 615 2821 plebis
645 2736 783 2801 licentiae
806 2737 983 2822 adversarii,
1008 2763 1024 2804 e
1046 2763 1120 2826 pace
1143 2743 1272 2809 salutern
1296 2745 1355 2809 sibi
1438 2729 1442 2736 ⁵
1515 2721 1518 2728 ⁴

330 2851 543 2938 exspectabant
566 2860 597 2918 et
621 2853 815 2940 reipublicae.

372 2973 482 3054 Itaque
506 2972 718 3058 Aristophanis
739 2971 832 3039 Musa
854 2981 952 3040 exstat
975 2975 1146 3043 uberrimus
1169 2979 1251 3061 fons,
1274 2982 1353 3048 uude

328 3087 531 3154 conditionem
556 3111 617 3174 qua
639 3089 704 3154 eius
727 3096 860 3177 tempore
882 3093 955 3159 urbs
972 3100 1126 3172 uteretur,
1150 3098 1257 3164 melius
1283 3119 1354 3186 cog·

327 3227 432 3270 noscas
464 3228 558 3290 quam
588 3230 604 3272 e
630 3208 704 3272 raris
734 3210 817 3295 apud
842 3211 1050 3296 Thucydidem
1079 3213 1211 3282 indiciis.
1257 3216 1354 3284 Cuius

327 3325 370 3388 rei
399 3325 500 3409 ipsum
528 3325 687 3390 Platonem
710 3327 855 3394 habemus
881 3335 1008 3410 testem,
1037 3331 1062 3395 si
1086 3354 1156 3398 vera
1180 3342 1254 3401 sunt
1276 3355 1355 3422 qnae

326 3447 487 3507 narrantur
519 3442 551 3506 in
584 3443 649 3508 vita
682 3445 794 3510 Poetae
824 3447 1007 3533 (Prolegom.
1035 3451 1071 3514 de
1095 3453 1249 3518 comoedia
1273 3456 1352 3542 XI):

327 3559 410 3638 φοοὶ
440 3561 471 3624 δὲ
495 3559 549 3624 nal
573 3560 731 3627 Πλοὶτονοι
754 3565 901 3646 Διονυσίῳ
928 3569 969 3646 τῷ
995 3567 1146 3650 τυράννῳ,
1169 3571 1350 3648 βουληθέντι

327 3679 438 3754 μαθεῖν
465 3679 520 3754 τὴν
543 3679 710 3767 Ἀθηναίων
736 3682 897 3750 πολιτείαν
923 3683 1051 3767 πέμψον
1076 3689 1132 3761 τὴν
1162 3689 1352 3774 Ἀριστοφά·

327 3817 393 3868 aava
416 3797 537 3874 ,ποίησιν
560 3800 613 3865 ael
640 3800 877 3881 συμβουλεῦσαι
900 3804 942 3869 τοὶ
965 3805 1114 3886 δροὲμοιτοι
1136 3811 1232 3875 αὐτοῦ
1253 3812 1352 3887 aloan-

327 3912 417 3980 θέντοι
443 3917 554 3994 hadria
580 3920 681 3984 aaran
707 3919 762 3993 alar
785 3922 957 3990 πολιτείαν.

746 4106 928 4117 κ-ὴ-η...
