3374 5232
788 449 828 510 88

346 662 489 726 Eiusdem
507 659 692 745 arrogantiae
712 659 877 744 exemplum
895 658 1066 723 invenimus
1084 657 1117 721 in
1136 654 1313 740 Equitibus,

304 781 358 846 ubi
385 786 504 846 senatus
535 779 648 865 legatos
676 778 713 843 de
740 778 818 843 Pace
848 778 952 842 adesse
982 777 1092 844 certior
1119 776 1218 840 factus
1240 774 1318 839 laeto

305 901 412 968 nuntio
434 907 556 986 accepto
579 899 733 966 exsultans
755 899 900 964 exclamat
923 899 993 984 (qu.
1017 899 1111 982 671);

460 1065 520 1128 νννὶ
545 1064 612 1145 περὶ
638 1065 787 1146 σπονδῶν,
812 1063 917 1138 ε’τενδή
939 1058 995 1140 γὀἶ
1018 1064 1098 1140 μέλε

461 1185 584 1267 ᾔσθοντο
607 1185 666 1258 τὰς
690 1185 799 1265 οὶφύονς
824 1187 973 1265 παρ’ἦμῒν
996 1181 1108 1262 οέξίοοςς

462 1310 495 1371 οὐ
519 1307 650 1384 δεόμεθα
672 1307 816 1372 σπονδῶν.
842 1307 855 1370 ὁ
879 1306 1015 1385 πόλεμος
1041 1307 1167 1388 ἑρπέτω.

352 1473 472 1558 Quibus
506 1475 606 1560 tangit
635 1480 725 1560 poeta
754 1475 870 1538 animos
900 1472 995 1553 leves,
1028 1474 1082 1558 qui
1112 1472 1254 1538 facillime
1283 1471 1321 1538 ad

309 1592 421 1659 bellum
451 1594 565 1658 moveri
595 1599 717 1680 possent
743 1592 901 1657 levissimis
932 1594 1117 1679 argumentis
1139 1593 1230 1660 modo
1253 1613 1325 1664 suae

311 1714 461 1797 voluptati
484 1735 550 1778 mos
571 1718 736 1800 gereretur.
1113 1755 1115 1760 -

356 1832 498 1920 Inprimis
527 1832 683 1919 plebecula
712 1854 788 1918 quae
818 1832 875 1912 nil,
900 1833 982 1918 quod
1008 1833 1157 1918 perderet,
1181 1832 1329 1912 habebat,

313 1953 389 2017 bello
419 1951 568 2038 gaudebat
598 1953 679 2038 quod
710 1951 748 2016 ob
774 1952 892 2016 Cleonis
921 1951 1095 2037 largitiones
1123 1951 1208 2018 nullo
1230 1951 1330 2017 labore

316 2079 424 2138 vexata
458 2073 551 2136 vitam
587 2072 717 2158 degeret.
775 2069 877 2151 Quum
914 2078 1015 2136 tamen
1049 2071 1160 2136 Cleone
1194 2077 1331 2150 mortuo,

316 2192 382 2278 paci
407 2199 505 2257 essent
528 2190 622 2255 animi
644 2191 850 2277 propensiores
870 2189 1070 2256 Athenienses
1087 2189 1192 2256 mobili
1210 2190 1332 2276 ingenio

315 2335 377 2377 non
408 2313 508 2376 minus
537 2312 726 2376 vehementer
755 2333 857 2397 pacem
887 2311 1106 2392 desiderarunt,
1131 2332 1222 2396 qnam
1246 2315 1332 2375 antea

317 2430 561 2517 repudiaverant,
586 2452 646 2515 quo
669 2431 745 2495 mihi
767 2429 910 2496 videntur
927 2439 1061 2518 spectare
1080 2430 1171 2496 verba
1186 2429 1333 2517 Trugaei,

317 2573 420 2636 pacem
443 2573 459 2615 e
481 2550 606 2615 latebris
628 2549 845 2636 protrahentis:
893 2551 976 2636 (Pac.
1001 2552 1077 2635 322)

498 2715 530 2780 σι’
553 2715 695 2796 πάσχετ’
707 2709 828 2795 ὦνδρεςς
853 2715 1003 2793 μνδοιμῶς
1029 2715 1101 2796 πρὸς
1125 2719 1184 2778 τῶν
1208 2716 1280 2779 θεῶν

390 2840 527 2916 recipite
551 2836 721 2901 κάλλιστον
744 2835 939 2916 διαφθείρητε
964 2834 1013 2899 δνοδ
1041 2836 1083 2900 τοὶ
1108 2835 1267 2915 σχήμοοτοο

366 2999 534 3087 Utriusque
563 3003 666 3089 populi
694 3001 817 3087 ingenia
846 3001 941 3065 facete
972 2998 1180 3065 describuntur
1202 2999 1235 3064 in
1257 2999 1336 3064 Pace

324 3125 366 3206 (v.
401 3123 493 3207 218),
528 3122 581 3188 ubi
613 3123 760 3208 legimus:
792 3119 1044 3187 Lacedaemonios
1082 3142 1218 3206 quoque,
1243 3141 1337 3204 qnan-

322 3241 421 3306 talam
443 3242 600 3307 victoriam
622 3249 839 3327 reportassent,
863 3242 966 3306 statim
974 3242 1089 3328 jactare
1101 3240 1209 3306 solere:
1234 3241 1282 3305 rut
1297 3242 1338 3305 τὼ

325 3366 397 3442 ert,
423 3368 474 3426 νῦν
497 3361 641 3426 ὡττικίων
666 3364 759 3426 δσσεῖ
774 3362 873 3427 δίκον.
910 3361 994 3443 Quid
1013 3367 1117 3428 contra
1140 3361 1341 3428 Athenienses

326 3482 476 3562 dicerent,
507 3482 567 3546 iam
597 3503 686 3568 supra
716 3482 859 3548 vidimus.
904 3482 995 3569 Apud
1026 3489 1188 3568 utrumque
1215 3481 1342 3545 victoria

327 3608 477 3686 reportata
499 3601 536 3666 de
560 3583 637 3666 Pace
659 3608 760 3666 actum
781 3625 845 3667 esse
864 3600 987 3666 solebat.
1022 3601 1130 3666 Statim
1147 3622 1240 3687 prava
1258 3600 1343 3665 ducti

329 3719 492 3786 ambitione
520 3720 633 3805 majora
656 3722 865 3807 capessebant,
889 3741 1069 3807 quamquam
1092 3743 1195 3807 pacem
1218 3742 1344 3806 aequam

329 3838 426 3904 facere
454 3838 566 3906 liceret.
615 3841 759 3925 Agnoscit
791 3841 869 3905 hanc
899 3840 1098 3926 arrogantiam
1129 3840 1243 3906 civium
1269 3839 1344 3905 'I‘ru-

331 3979 439 4042 gaeus:
463 3959 505 4044 (v.
530 3959 606 4044 230)

446 4123 458 4186 ὅ
482 4126 556 4200 γοῦν
581 4124 744 4205 χοιροονοτίορ
771 4125 929 4201 ἡμεδαπὸς
954 4130 1012 4188 τῶν
1036 4124 1179 4204 §andros

1198 4248 1217 4306 8
