3374 5232
827 442 866 504 37

332 659 468 723 aeribua:
503 657 593 734 ἴσμεν
626 658 688 737 γὰρ
716 660 753 728 ὥς
782 657 954 721 ἀντίκειται
982 657 1078 738 φύσει
1104 665 1169 730 τοῖς
1197 655 1354 728 πλουσίοις

335 777 368 854 ἐξ
391 778 492 857 ἀρχῆς
512 777 526 839 ὅ
546 775 639 855 δῆμος
658 777 710 841 καὶ
734 783 805 848 ταῖς
828 774 1037 857 δυσπραγίαις
1060 777 1161 840 αὐτῶν
1180 773 1298 850 ἥδεται.

378 897 550 978 Quotannis
580 898 710 963 Athenis
733 919 785 962 sex
808 895 889 962 mille
911 895 1027 961 iudices
1050 902 1129 962 sorte
1152 895 1353 978 ducebantur,

334 1015 387 1100 qui
409 1015 442 1080 in
464 1022 563 1102 partes
586 1016 678 1081 divisi
701 1015 738 1081 de
769 1015 894 1080 diversis
926 1015 1023 1080 causis
1054 1014 1232 1081 iudicarent.
1279 1014 1356 1095 Qui·

331 1156 452 1220 cunque
474 1157 544 1200 reus
566 1134 649 1199 dives
665 1157 710 1226 an
733 1157 845 1220 pauper
868 1134 945 1199 civis
967 1157 1005 1200 an
1028 1133 1146 1214 socius,
1174 1133 1222 1198 his
1253 1155 1353 1198 coram

331 1254 484 1319 iudicibus
507 1275 592 1319 suam
617 1277 736 1319 oausam
765 1277 851 1340 agere
875 1253 1011 1319 debebat.
1057 1254 1127 1335 Quo
1151 1253 1265 1318 facturn
1289 1257 1353 1334 est,

330 1379 364 1437 ut
387 1371 558 1458 plebeculae
581 1374 716 1459 ineptae,
745 1395 831 1437 suam
854 1372 1020 1459 potentiam
1043 1395 1097 1460 pro
1120 1395 1231 1460 regno,
1253 1394 1285 1437 se
1307 1371 1353 1459 ip-

331 1513 394 1556 sam
427 1514 481 1577 pro
510 1514 579 1577 rege
607 1491 760 1570 habentis,
791 1492 879 1557 cuius
897 1514 1001 1556 omnes
1020 1492 1148 1577 gratiam
1172 1496 1350 1578 quaererent

257 1645 259 1650 ·
331 1611 502 1696 arrogantia
524 1611 652 1674 maxime
676 1610 845 1676 increverit.

373 1729 443 1810 Quo
474 1736 574 1794 antem
604 1736 738 1815 tempore
767 1730 922 1795 iudicibus
952 1729 1034 1794 nulla
1062 1729 1190 1795 dabatur
1219 1751 1348 1811 merces,

328 1848 411 1935 plebs
438 1848 605 1913 abstinebat
633 1849 855 1929 iurisdictione,
887 1855 917 1913 et
944 1855 1064 1914 tantum
1086 1847 1224 1914 solebant
1246 1849 1279 1913 in
1302 1849 1348 1915 iu·

329 1967 416 2032 dioiis
451 1968 568 2047 sedere,
605 1968 715 2052 quibus
750 1968 820 2034 inde
854 1967 970 2034 vietum
1005 1989 1145 2053 quaerere
1178 1989 1239 2033 non
1272 1974 1348 2034 esset

327 2109 454 2153 neeesse.

371 2207 503 2272 Simulao
534 2213 632 2272 tamen
663 2207 810 2286 Pericles,
842 2207 1050 2272 multitudinis
1079 2206 1279 2272 dominationi
1302 2207 1349 2272 fa·

327 2350 416 2406 vens,
440 2326 595 2413 quaesibi
619 2327 732 2392 auxilio
756 2334 834 2392 esset
861 2333 965 2391 eontra
992 2327 1167 2412 optimates,
1190 2325 1344 2391 iudicibus

323 2447 488 2511 mercedem
508 2447 623 2511 solvere
641 2447 757 2532 coepit,
780 2445 882 2511 statim
902 2452 1017 2533 praeter
1036 2445 1189 2533 potentiae
1212 2447 1343 2534 speeiem

322 2565 400 2630 lucri
425 2587 547 2651 quoque
570 2565 680 2656 cupido
704 2565 784 2630 cives
807 2587 909 2631 omnes
937 2566 1049 2631 invasit
1075 2571 1107 2631 et
1129 2587 1201 2631 mox
1224 2565 1342 2631 uicibus

324 2684 447 2749 mutatis
470 2684 633 2750 nobiliores
656 2684 824 2770 plebeculae
848 2693 1012 2752 cesserunt.

366 2801 548 2888 Quicunque
578 2803 673 2890 igitur
704 2806 888 2892 demagogus
917 2806 1019 2892 populi
1049 2805 1150 2871 studia
1180 2807 1277 2893 magis
1306 2809 1339 2873 in

321 2945 352 2986 se
373 2929 487 2988 vertere
506 2923 613 3002 vellet,
637 2923 800 2990 mercedem
819 2925 920 3004 auxit,
941 2933 976 2989 ut
995 2927 1039 2990 sic
1059 2924 1215 3012 plebecula
1237 2946 1339 2991 secura

319 3041 351 3104 in
375 3041 506 3105 comitiis
530 3049 559 3106 et
592 3042 791 3106 tribunalibus
824 3044 958 3122 adesset,
988 3043 1051 3129 ipse
1081 3045 1209 3108 inertem
1236 3044 1336 3112 multi·

318 3159 455 3224 tudinem
479 3181 514 3224 ex
533 3160 666 3224 lubidine
686 3168 786 3246 posset
806 3161 960 3226 moderari.
1007 3162 1199 3249 Quantopere
1218 3162 1338 3228 civibus

318 3280 499 3366 pauperibus
527 3279 596 3343 talis
625 3280 755 3366 placeret
785 3281 937 3362 condicio,
969 3305 986 3346 a
1012 3289 1101 3367 pocta
1127 3282 1225 3368 lepide
1248 3305 1336 3369 expo·
1366 3315 1369 3322 ’

314 3399 401 3477 pitur
427 3399 458 3462 in
490 3398 598 3484 Vespis
629 3398 695 3483 (cfr.
728 3402 934 3485 605-6ao);
972 3401 1197 3467 honestioribus
1232 3408 1335 3468 contra

317 3519 412 3612 inerit
433 3518 544 3597 invisa,
568 3518 634 3583 luoe
657 3518 766 3583 clarius
788 3520 919 3586 videtur.

361 3639 567 3724 sycophantae
597 3639 677 3703 enirn
709 3640 819 3725 populo
843 3641 973 3727 opimam
996 3641 1136 3728 praedam
1160 3663 1250 3725 quarn
1273 3664 1334 3708 sae-

316 3759 438 3845 pissime
462 3759 567 3822 afferre
590 3758 739 3838 solebant,
764 3767 798 3824 ut
821 3762 880 3846 ipsi
905 3767 1062 3846 quaestum
1081 3759 1139 3824 sibi
1157 3760 1288 3824 facerent
1304 3766 1336 3825 et

204 3861 215 3954 1
316 3879 400 3966 plebs
431 3878 616 3963 arrogantiae
647 3884 677 3942 et
708 3880 834 3945 vanitati
866 3881 1024 3966 indulgens
1048 3885 1158 3945 'contra
1185 3879 1333 3966 optimum

316 4021 464 4084 quemque
494 3997 589 4062 civem
615 4006 668 4062 aut
690 4000 805 4064 socium
837 4001 981 4080 saeviret;
1016 4000 1091 4065 socii
1126 4021 1246 4085 qnoque
1279 4000 1333 4085 qui

317 4118 446 4184 Athenis
469 4140 572 4183 causas
595 4140 681 4204 agere
699 4117 863 4198 debebant,
888 4141 975 4205 saepe
998 4119 1103 4206 populi
1127 4118 1281 4184 saevitiam
1298 4119 1331 4183 in
