3374 5232
854 421 893 484 ⁷2

506 638 567 703 οὐδ’
590 634 653 702 οἵδε
678 633 815 714 νέἷλιιον
840 637 923 701 οὐδὲν
946 638 1064 716 ἁργεῖοι
1089 637 1192 703 παλαι

506 759 572 822 οέλλ
593 758 613 832 ’ἢ
637 758 818 835 κατεγέλων
841 763 900 821 τῦν
923 761 1219 838 ταλαιπωρουμένων

506 879 558 943 καὶ
583 882 689 944 ταῦτα
711 877 832 957 διχόθεν
856 879 1110 960 μισθοφοροῦντες
1133 878 1272 960 ἄλφιτα.

415 1057 523 1142 Neque
543 1056 734 1144 Megarenses
753 1057 827 1121 satis
847 1055 941 1121 laboti
964 1055 1154 1122 incumbunt.
1177 1057 1268 1138 Quod
1287 1065 1387 1123 tamen

372 1178 587 1265 ignoscendum
610 1175 831 1262 ob‘corporum
856 1175 1061 1240 infirmitatem
1085 1178 1192 1260 (483):

548 1372 604 1436 ῦτῦ
629 1377 683 1435 τοῦ
707 1396 746 1447 γε
769 1375 861 1448 λιμοῦ
888 1372 920 1443 νὴ
946 1370 996 1432 Δί’
1019 1369 1217 1447 ἐξολωλότες.

412 1567 472 1630 Eos
501 1566 570 1631 belli
595 1566 680 1631 malis
703 1565 842 1651 inpn'mis
865 1589 927 1631 esse
950 1573 1092 1646 vexatos,
1116 1569 1327 1653 cognoscimus
1350 1593 1385 1634 ex

353 1685 629 1766 'Achemensibus,
670 1685 724 1749 ubi
757 1686 918 1750 ridiculum
953 1687 985 1749 in
1020 1686 1142 1751 modum
1175 1710 1253 1751 unus
1281 1711 1317 1752 ex
1347 1690 1385 1752 iis

366 1806 491 1891 penuria
523 1811 646 1870 coactus
673 1805 751 1869 filios
782 1805 815 1868 in
844 1806 910 1870 foro
933 1805 1037 1870 vendit
1063 1805 1251 1892 Dicaeopoli.
1296 1808 1384 1872 Cete-
1438 1799 1440 1806 ¹

365 1947 431 1988 rum
455 1924 643 1988 notissimam
667 1929 697 1987 et
716 1947 803 2010 saepe
821 1925 948 1988 derisam
968 1933 1172 2011 paupertatem
1191 1949 1293 1990 eorum
1312 1926 1384 1990 belli

365 2045 498 2110 studium
518 2067 580 2108 non
599 2043 776 2108 diminuisse
796 2050 881 2129 patet
900 2044 1022 2109 eThnc.
1040 2045 1090 2127 (V.
1106 2047 1160 2127 17)
1173 2045 1227 2110 ubi
1239 2045 1383 2131 legimus:

290 2213 291 2216 η
364 2163 436 2229 τθτε
474 2164 508 2237 δὴ
547 2163 831 2244 παρακαλέσαντες
869 2167 939 2236 τοῦς
979 2165 1096 2228 ἑαυτῶν
1131 2164 1322 2246 ξυμμάχους
1358 2170 1382 2230 οἱ

366 2284 623 2362 Λακεδαιμόνιοι,
670 2283 722 2346 καὶ
760 2287 989 2364 ψηφισαμένων
1027 2286 1108 2356 πλὴν
1158 2292 1289 2348 Βοιωτῶν
1330 2287 1382 2349 καὶ

365 2405 519 2485 Κορινθίων
551 2405 604 2468 καὶ
635 2404 762 2468 Ἠλείων
793 2404 846 2467 καὶ
874 2405 1046 2484 Μεγαρέων
1072 2407 1131 2468 τῶν
1155 2404 1279 2477 οῦλλων,
1305 2405 1383 2470 ὥστε

366 2525 598 2597 καταλύεσθαι,
624 2529 780 2588 ποιοῦνται
806 2523 860 2595 τὴν
883 2523 1057 2601 ξύμβασιν.

410 2647 457 2710 De
479 2644 660 2725 Corinthiis,
685 2645 738 2728 qui
765 2644 901 2708 omnium
924 2645 1053 2709 maxime
1075 2645 1326 2711 Lacedaemonios
1349 2647 1387 2712 ad

366 2767 475 2832 bellum
496 2762 699 2828 accendebant
721 2763 836 2827 nullam
858 2785 978 2849 prorsus
1001 2765 1184 2830 mentionem
1207 2749 1280 2834 iacit
1304 2768 1386 2831 Aris·

366 2887 526 2974 tophanes3
556 2885 607 2948 sed
636 2883 866 2947 condonandum
890 2882 1057 2947 fabulamm
1081 2885 1214 2964 auctori,
1239 2886 1320 2968 quod
1343 2889 1385 2949 vi·

361 3009 439 3074 tium
463 3012 539 3071 esset
559 3003 706 3068 historici.

408 3127 521 3192 Omnes
555 3130 656 3188 autem
691 3123 829 3187 civitates
863 3144 982 3208 operam
1013 3123 1135 3187 daturos
1163 3124 1247 3209 cupit
1275 3131 1380 3210 poeta,

362 3254 399 3314 ut
428 3269 487 3335 pax
509 3246 579 3324 fiat,
604 3243 745 3328 quoniam
770 3243 815 3306 nil
842 3249 996 3328 ageretur,
1020 3242 1079 3307 nisi
1102 3243 1237 3307 omnium
1260 3265 1382 3308 concor·

361 3369 411 3434 dia
434 3368 518 3453 (Pac.
542 3387 571 3428 v.
595 3364 689 3447 484):

497 3561 579 3624 οῦδὲν
602 3564 765 3637 ποιοῦμεν,
792 3553 911 3637 ὦνδρες,
936 3558 1013 3621 αλλ’
1036 3557 1227 3635 ὁμοθυμαδὸν

494 3680 613 3747 θέτασιν
637 3683 711 3758 ἡμῖν
734 3674 817 3752 αὖθις
841 3679 1058 3760 οῦντιλιρττέον.

403 3879 502 3960 Quam
524 3883 645 3965 pectore
667 3869 752 3940 fovet
774 3873 918 3940 Graeciae
938 3876 1087 3941 unitatem
1119 3876 1180 3940 sola
1198 3878 1263 3942 Pax
1282 3883 1380 3963 potest

359 4001 483 4065 efficere.
513 3997 604 4062 Dolet
635 3995 783 4074 Graecos,
816 4016 893 4079 quos
922 4002 1010 4060 antea
1033 4019 1191 4062 commune
1213 3997 1378 4084 periculum

355 4123 459 4182 contra
476 4115 604 4182 eundem
619 4113 735 4179 hostem
755 4114 979 4193 coniunxisset,
1000 4115 1173 4180 foedissimo
1191 4114 1269 4180 bello
1284 4116 1377 4180 intes·
