<?xml version="1.0" encoding="UTF-8"?>
<!DOCTYPE html PUBLIC "-//W3C//DTD XHTML 1.0 Transitional//EN"
    "http://www.w3.org/TR/xhtml1/DTD/xhtml1-transitional.dtd">
<html xmlns="http://www.w3.org/1999/xhtml" xml:lang="en" lang="en">
 <head>
  <title>
</title>
<meta http-equiv="Content-Type" content="text/html;charset=utf-8" />
  <meta name='ocr-system' content='tesseract 3.04.00' />
  <meta name='ocr-capabilities' content='ocr_page ocr_carea ocr_par ocr_line ocrx_word'/>
</head>
<body>
  <div class='ocr_page' id='page_1' title='image "./inaristophanisd00frangoog_0099.png"; bbox 0 0 3374 5232; ppageno 0'>
   <div class='ocr_carea' id='block_1_1' title="bbox 844 423 883 482">
    <p class='ocr_par' dir='ltr' id='par_1_1' title="bbox 844 423 883 482">
     <span class='ocr_line' id='line_1_1' title="bbox 844 423 883 482; baseline 0 0"><span class='ocrx_word' id='word_1_1' title='bbox 844 423 883 482; x_wconf 79' lang='grc'>86</span> 
     </span>
    </p>
   </div>
   <div class='ocr_carea' id='block_1_2' title="bbox 364 622 1380 830">
    <p class='ocr_par' dir='ltr' id='par_1_2' title="bbox 364 622 1380 830">
     <span class='ocr_line' id='line_1_2' title="bbox 364 622 1380 712; baseline 0.004 -28"><span class='ocrx_word' id='word_1_2' title='bbox 364 622 520 702; x_wconf 87' lang='lat' dir='ltr'>condicio,</span> <span class='ocrx_word' id='word_1_3' title='bbox 544 625 684 708; x_wconf 87' lang='lat' dir='ltr'>quamvis</span> <span class='ocrx_word' id='word_1_4' title='bbox 706 625 831 690; x_wconf 82' lang='lat' dir='ltr'>ridicule</span> <span class='ocrx_word' id='word_1_5' title='bbox 852 627 937 705; x_wconf 84' lang='lat' dir='ltr'>ficta,</span> <span class='ocrx_word' id='word_1_6' title='bbox 959 635 1057 691; x_wconf 83' lang='lat' dir='ltr'>tamen</span> <span class='ocrx_word' id='word_1_7' title='bbox 1074 625 1257 712; x_wconf 76' lang='lat' dir='ltr'>singularem</span> <span class='ocrx_word' id='word_1_8' title='bbox 1279 630 1380 689; x_wconf 89' lang='lat' dir='ltr'>movet</span> 
     </span>
     <span class='ocr_line' id='line_1_3' title="bbox 367 742 1196 830; baseline 0.002 -25"><span class='ocrx_word' id='word_1_9' title='bbox 367 742 617 823; x_wconf 86' lang='lat' dir='ltr'>misericordiam,</span> <span class='ocrx_word' id='word_1_10' title='bbox 636 743 689 808; x_wconf 89' lang='lat' dir='ltr'>ubi</span> <span class='ocrx_word' id='word_1_11' title='bbox 712 744 802 809; x_wconf 85' lang='lat' dir='ltr'>dicit:</span> <span class='ocrx_word' id='word_1_12' title='bbox 828 748 869 830; x_wconf 85' lang='grc' dir='ltr'>(ν.</span> <span class='ocrx_word' id='word_1_13' title='bbox 896 749 976 824; x_wconf 84' lang='grc'><strong>751,</strong></span> <span class='ocrx_word' id='word_1_14' title='bbox 1001 747 1082 824; x_wconf 78' lang='grc'><strong>729,</strong></span> <span class='ocrx_word' id='word_1_15' title='bbox 1104 746 1196 828; x_wconf 82' lang='grc'>816);</span> 
     </span>
    </p>
   </div>
   <div class='ocr_carea' id='block_1_3' title="bbox 498 918 988 1002">
    <p class='ocr_par' dir='ltr' id='par_1_3' title="bbox 498 918 988 1002">
     <span class='ocr_line' id='line_1_4' title="bbox 498 918 988 1002; baseline 0.008 -20"><span class='ocrx_word' id='word_1_16' title='bbox 498 918 700 999; x_wconf 66' lang='grc' dir='ltr'>διαπεινᾶμες</span> <span class='ocrx_word' id='word_1_17' title='bbox 724 921 772 986; x_wconf 74' lang='lat' dir='ltr'>ciel</span> <span class='ocrx_word' id='word_1_18' title='bbox 798 923 894 988; x_wconf 77' lang='grc' dir='ltr'>ποττὸ</span> <span class='ocrx_word' id='word_1_19' title='bbox 917 927 988 1002; x_wconf 83' lang='grc' dir='ltr'><em>πῦρ.</em></span> 
     </span>
    </p>
   </div>
   <div class='ocr_carea' id='block_1_4' title="bbox 497 1038 1224 1120">
    <p class='ocr_par' dir='ltr' id='par_1_4' title="bbox 497 1038 1224 1120">
     <span class='ocr_line' id='line_1_5' title="bbox 497 1038 1224 1120; baseline 0.001 -16"><span class='ocrx_word' id='word_1_20' title='bbox 497 1038 598 1120; x_wconf 74' lang='grc' dir='ltr'>Ἐρμοῖ</span> <span class='ocrx_word' id='word_1_21' title='bbox 624 1044 792 1119; x_wconf 78' lang='grc' dir='ltr'><em>’μπολοιῖε,</em></span> <span class='ocrx_word' id='word_1_22' title='bbox 819 1041 877 1107; x_wconf 69' lang='lat' dir='ltr'>eto</span> <span class='ocrx_word' id='word_1_23' title='bbox 901 1050 1037 1120; x_wconf 73' lang='grc' dir='ltr'><em>γυναῖκα</em></span> <span class='ocrx_word' id='word_1_24' title='bbox 1060 1043 1119 1107; x_wconf 69' lang='grc' dir='ltr'>τοον</span> <span class='ocrx_word' id='word_1_25' title='bbox 1144 1042 1224 1120; x_wconf 74' lang='grc' dir='ltr'><em>ἐμὰν</em></span> 
     </span>
    </p>
   </div>
   <div class='ocr_carea' id='block_1_5' title="bbox 495 1159 1276 1253">
    <p class='ocr_par' dir='ltr' id='par_1_5' title="bbox 495 1159 1276 1253">
     <span class='ocr_line' id='line_1_6' title="bbox 495 1159 1276 1253; baseline 0.001 -29"><span class='ocrx_word' id='word_1_26' title='bbox 495 1159 571 1225; x_wconf 78' lang='grc' dir='ltr'>οὕτω</span> <span class='ocrx_word' id='word_1_27' title='bbox 594 1164 630 1241; x_wconf 91' lang='grc' dir='ltr'>μ’</span> <span class='ocrx_word' id='word_1_28' title='bbox 653 1161 821 1228; x_wconf 77' lang='grc' dir='ltr'><em>οὶποδόοθοοο</em></span> <span class='ocrx_word' id='word_1_29' title='bbox 836 1163 904 1253; x_wconf 27' lang='grc' dir='ltr'><em>,τοὶν</em></span> <span class='ocrx_word' id='word_1_30' title='bbox 927 1166 956 1226; x_wconf 86' lang='grc' dir='ltr'>τ’</span> <span class='ocrx_word' id='word_1_31' title='bbox 981 1163 1118 1239; x_wconf 76' lang='grc' dir='ltr'><em>ἐμαυτοῦ</em></span> <span class='ocrx_word' id='word_1_32' title='bbox 1142 1162 1276 1242; x_wconf 80' lang='grc' dir='ltr'><em>μοοτέροο.</em></span> 
     </span>
    </p>
   </div>
   <div class='ocr_carea' id='block_1_6' title="bbox 356 1339 1381 2260">
    <p class='ocr_par' dir='ltr' id='par_1_6' title="bbox 362 1339 1381 1666">
     <span class='ocr_line' id='line_1_7' title="bbox 409 1339 1381 1430; baseline -0.001 -24"><span class='ocrx_word' id='word_1_33' title='bbox 409 1339 456 1406; x_wconf 91' lang='lat' dir='ltr'>De</span> <span class='ocrx_word' id='word_1_34' title='bbox 478 1342 631 1406; x_wconf 87' lang='lat' dir='ltr'>commoni</span> <span class='ocrx_word' id='word_1_35' title='bbox 654 1349 828 1429; x_wconf 85' lang='lat' dir='ltr'>paupertate</span> <span class='ocrx_word' id='word_1_36' title='bbox 850 1343 940 1408; x_wconf 87' lang='lat' dir='ltr'>etiam</span> <span class='ocrx_word' id='word_1_37' title='bbox 964 1345 1115 1424; x_wconf 80' lang='lat' dir='ltr'>conteras,</span> <span class='ocrx_word' id='word_1_38' title='bbox 1140 1366 1216 1428; x_wconf 90' lang='lat' dir='ltr'>qnae</span> <span class='ocrx_word' id='word_1_39' title='bbox 1239 1343 1381 1430; x_wconf 86' lang='lat' dir='ltr'>leguntur</span> 
     </span>
     <span class='ocr_line' id='line_1_8' title="bbox 363 1461 1380 1549; baseline 0.004 -27"><span class='ocrx_word' id='word_1_40' title='bbox 363 1479 439 1525; x_wconf 84' lang='lat' dir='ltr'>vers.</span> <span class='ocrx_word' id='word_1_41' title='bbox 476 1463 537 1526; x_wconf 80' lang='lat'>120</span> <span class='ocrx_word' id='word_1_42' title='bbox 573 1461 643 1526; x_wconf 90' lang='lat' dir='ltr'>Pac.</span> <span class='ocrx_word' id='word_1_43' title='bbox 651 1512 660 1542; x_wconf 96' lang='lat'>,</span> <span class='ocrx_word' id='word_1_44' title='bbox 695 1461 747 1528; x_wconf 90' lang='lat' dir='ltr'>ubi</span> <span class='ocrx_word' id='word_1_45' title='bbox 780 1463 936 1549; x_wconf 83' lang='lat' dir='ltr'>Trugacus</span> <span class='ocrx_word' id='word_1_46' title='bbox 963 1465 1115 1548; x_wconf 88' lang='lat' dir='ltr'>queritur,</span> <span class='ocrx_word' id='word_1_47' title='bbox 1148 1487 1179 1529; x_wconf 85' lang='lat' dir='ltr'>se</span> <span class='ocrx_word' id='word_1_48' title='bbox 1206 1463 1244 1528; x_wconf 94' lang='lat' dir='ltr'>ob</span> <span class='ocrx_word' id='word_1_49' title='bbox 1266 1461 1380 1527; x_wconf 91' lang='lat' dir='ltr'>bellum</span> 
     </span>
     <span class='ocr_line' id='line_1_9' title="bbox 362 1579 990 1666; baseline 0.008 -24"><span class='ocrx_word' id='word_1_50' title='bbox 362 1600 468 1664; x_wconf 85' lang='lat' dir='ltr'>panem</span> <span class='ocrx_word' id='word_1_51' title='bbox 492 1600 553 1644; x_wconf 91' lang='lat' dir='ltr'>non</span> <span class='ocrx_word' id='word_1_52' title='bbox 575 1579 699 1662; x_wconf 83' lang='lat' dir='ltr'>habere,</span> <span class='ocrx_word' id='word_1_53' title='bbox 724 1604 814 1666; x_wconf 93' lang='lat' dir='ltr'>quem</span> <span class='ocrx_word' id='word_1_54' title='bbox 837 1582 888 1647; x_wconf 89' lang='lat' dir='ltr'>det</span> <span class='ocrx_word' id='word_1_55' title='bbox 910 1583 990 1649; x_wconf 87' lang='lat' dir='ltr'>filiis.</span> 
     </span>
    </p>

    <p class='ocr_par' dir='ltr' id='par_1_7' title="bbox 356 1679 1379 2260">
     <span class='ocr_line' id='line_1_10' title="bbox 406 1679 1378 1787; baseline 0.002 -24"><span class='ocrx_word' id='word_1_56' title='bbox 406 1699 481 1764; x_wconf 84' lang='lat' dir='ltr'><strong>Post</strong></span> <span class='ocrx_word' id='word_1_57' title='bbox 507 1700 712 1786; x_wconf 85' lang='lat' dir='ltr'>Megarensem</span> <span class='ocrx_word' id='word_1_58' title='bbox 738 1701 872 1766; x_wconf 80' lang='lat' dir='ltr'>Boeotus</span> <span class='ocrx_word' id='word_1_59' title='bbox 895 1679 1111 1787; x_wconf 40' lang='lat' dir='ltr'>aliquis&#39;adest</span> <span class='ocrx_word' id='word_1_60' title='bbox 1133 1703 1166 1766; x_wconf 92' lang='lat' dir='ltr'>in</span> <span class='ocrx_word' id='word_1_61' title='bbox 1189 1703 1253 1766; x_wconf 82' lang='lat' dir='ltr'>loro</span> <span class='ocrx_word' id='word_1_62' title='bbox 1278 1723 1378 1766; x_wconf 87' lang='lat' dir='ltr'>secum</span> 
     </span>
     <span class='ocr_line' id='line_1_11' title="bbox 360 1819 1379 1907; baseline 0.003 -25"><span class='ocrx_word' id='word_1_63' title='bbox 360 1819 457 1884; x_wconf 79' lang='lat' dir='ltr'>ferens</span> <span class='ocrx_word' id='word_1_64' title='bbox 480 1820 596 1899; x_wconf 88' lang='lat' dir='ltr'>omnia,</span> <span class='ocrx_word' id='word_1_65' title='bbox 619 1843 695 1905; x_wconf 91' lang='lat' dir='ltr'>quae</span> <span class='ocrx_word' id='word_1_66' title='bbox 722 1843 777 1885; x_wconf 88' lang='lat' dir='ltr'>sua</span> <span class='ocrx_word' id='word_1_67' title='bbox 803 1820 945 1907; x_wconf 87' lang='lat' dir='ltr'>producit</span> <span class='ocrx_word' id='word_1_68' title='bbox 967 1828 1054 1888; x_wconf 87' lang='lat' dir='ltr'>terra.</span> <span class='ocrx_word' id='word_1_69' title='bbox 1090 1823 1126 1885; x_wconf 92' lang='lat' dir='ltr'>In</span> <span class='ocrx_word' id='word_1_70' title='bbox 1145 1822 1256 1906; x_wconf 87' lang='lat' dir='ltr'>quibus</span> <span class='ocrx_word' id='word_1_71' title='bbox 1274 1821 1379 1885; x_wconf 86' lang='lat' dir='ltr'>Dicae·</span> 
     </span>
     <span class='ocr_line' id='line_1_12' title="bbox 358 1937 1379 2026; baseline 0.002 -25"><span class='ocrx_word' id='word_1_72' title='bbox 358 1937 456 2024; x_wconf 91' lang='lat' dir='ltr'>opolis</span> <span class='ocrx_word' id='word_1_73' title='bbox 479 1937 629 2025; x_wconf 82' lang='lat' dir='ltr'><strong>anguillas</strong></span> <span class='ocrx_word' id='word_1_74' title='bbox 653 1961 668 2002; x_wconf 89' lang='lat' dir='ltr'>c</span> <span class='ocrx_word' id='word_1_75' title='bbox 691 1939 758 2003; x_wconf 91' lang='lat' dir='ltr'>lacu</span> <span class='ocrx_word' id='word_1_76' title='bbox 782 1940 917 2026; x_wconf 88' lang='lat' dir='ltr'>Copaide</span> <span class='ocrx_word' id='word_1_77' title='bbox 940 1963 1120 2026; x_wconf 86' lang='lat' dir='ltr'>agnoscens,</span> <span class='ocrx_word' id='word_1_78' title='bbox 1144 1963 1221 2025; x_wconf 91' lang='lat' dir='ltr'>quae</span> <span class='ocrx_word' id='word_1_79' title='bbox 1240 1940 1379 2026; x_wconf 86' lang='lat' dir='ltr'>inprimis</span> 
     </span>
     <span class='ocr_line' id='line_1_13' title="bbox 359 2057 1378 2145; baseline 0.001 -25"><span class='ocrx_word' id='word_1_80' title='bbox 359 2057 591 2122; x_wconf 80' lang='lat' dir='ltr'>Atheniensium</span> <span class='ocrx_word' id='word_1_81' title='bbox 615 2065 700 2122; x_wconf 88' lang='lat' dir='ltr'>erant</span> <span class='ocrx_word' id='word_1_82' title='bbox 727 2060 815 2144; x_wconf 84' lang='lat' dir='ltr'>gulae</span> <span class='ocrx_word' id='word_1_83' title='bbox 845 2058 1016 2137; x_wconf 80' lang='lat' dir='ltr'>illecebrae,</span> <span class='ocrx_word' id='word_1_84' title='bbox 1046 2082 1116 2144; x_wconf 90' lang='lat' dir='ltr'>prae</span> <span class='ocrx_word' id='word_1_85' title='bbox 1141 2059 1250 2145; x_wconf 85' lang='lat' dir='ltr'>gaudio</span> <span class='ocrx_word' id='word_1_86' title='bbox 1281 2059 1378 2122; x_wconf 82' lang='lat' dir='ltr'>exsul-</span> 
     </span>
     <span class='ocr_line' id='line_1_14' title="bbox 356 2177 1377 2260; baseline -0.001 -18"><span class='ocrx_word' id='word_1_87' title='bbox 356 2183 423 2242; x_wconf 86' lang='lat' dir='ltr'>tans</span> <span class='ocrx_word' id='word_1_88' title='bbox 444 2179 499 2250; x_wconf 71' lang='grc' dir='ltr'>τὴν</span> <span class='ocrx_word' id='word_1_89' title='bbox 524 2177 710 2257; x_wconf 78' lang='grc' dir='ltr'><em>πρέπβεοροον</em></span> <span class='ocrx_word' id='word_1_90' title='bbox 736 2178 928 2252; x_wconf 77' lang='grc' dir='ltr'>πεντήκοντοο</span> <span class='ocrx_word' id='word_1_91' title='bbox 954 2179 1101 2260; x_wconf 71' lang='grc' dir='ltr'><em>κωποὶδων</em></span> <span class='ocrx_word' id='word_1_92' title='bbox 1124 2182 1213 2257; x_wconf 73' lang='grc' dir='ltr'><em>κορᾶν</em></span> <span class='ocrx_word' id='word_1_93' title='bbox 1238 2179 1281 2241; x_wconf 91' lang='lat' dir='ltr'>ita</span> <span class='ocrx_word' id='word_1_94' title='bbox 1304 2177 1377 2241; x_wconf 87' lang='lat' dir='ltr'>allo-</span> 
     </span>
    </p>
   </div>
   <div class='ocr_carea' id='block_1_7' title="bbox 264 2282 690 2382">
    <p class='ocr_par' dir='ltr' id='par_1_8' title="bbox 264 2282 690 2382">
     <span class='ocr_line' id='line_1_15' title="bbox 264 2282 690 2382; baseline 0.005 -22"><span class='ocrx_word' id='word_1_95' title='bbox 264 2282 268 2288; x_wconf 49' lang='grc'><strong>’</strong></span> <span class='ocrx_word' id='word_1_96' title='bbox 355 2296 461 2382; x_wconf 87' lang='lat' dir='ltr'>quitur</span> <span class='ocrx_word' id='word_1_97' title='bbox 484 2298 572 2382; x_wconf 74' lang='lat' dir='ltr'>(noh.</span> <span class='ocrx_word' id='word_1_98' title='bbox 598 2299 690 2382; x_wconf 81' lang='lat'>885):</span> 
     </span>
    </p>
   </div>
   <div class='ocr_carea' id='block_1_8' title="bbox 525 2474 1262 2797">
    <p class='ocr_par' dir='ltr' id='par_1_9' title="bbox 525 2474 1262 2797">
     <span class='ocr_line' id='line_1_16' title="bbox 525 2474 1206 2555; baseline 0 -17"><span class='ocrx_word' id='word_1_99' title='bbox 525 2474 578 2538; x_wconf 80' lang='grc' dir='ltr'>Ὦ</span> <span class='ocrx_word' id='word_1_100' title='bbox 603 2477 746 2555; x_wconf 73' lang='grc' dir='ltr'>φολτοὲτν</span> <span class='ocrx_word' id='word_1_101' title='bbox 773 2479 809 2540; x_wconf 81' lang='grc' dir='ltr'>σὺ</span> <span class='ocrx_word' id='word_1_102' title='bbox 836 2478 887 2540; x_wconf 76' lang='lat' dir='ltr'>uel</span> <span class='ocrx_word' id='word_1_103' title='bbox 911 2477 1014 2540; x_wconf 73' lang='grc' dir='ltr'><em>ποὲλοοο</em></span> <span class='ocrx_word' id='word_1_104' title='bbox 1040 2476 1206 2553; x_wconf 69' lang='grc' dir='ltr'><em>ποθουμένη</em></span> 
     </span>
     <span class='ocr_line' id='line_1_17' title="bbox 532 2590 777 2669; baseline 0.008 -11"><span class='ocrx_word' id='word_1_105' title='bbox 532 2590 619 2668; x_wconf 74' lang='grc' dir='ltr'><em>ἦλθες</em></span> <span class='ocrx_word' id='word_1_106' title='bbox 647 2599 777 2669; x_wconf 67' lang='grc' dir='ltr'><em>ποθεινὴ.</em></span> 
     </span>
     <span class='ocr_line' id='line_1_18' title="bbox 530 2716 1262 2797; baseline -0.001 -17"><span class='ocrx_word' id='word_1_107' title='bbox 530 2716 709 2794; x_wconf 71' lang='grc' dir='ltr'><em>σκέψασθε,</em></span> <span class='ocrx_word' id='word_1_108' title='bbox 736 2720 865 2790; x_wconf 76' lang='grc' dir='ltr'><em>παῖδες,</em></span> <span class='ocrx_word' id='word_1_109' title='bbox 892 2725 946 2790; x_wconf 75' lang='grc' dir='ltr'>τὴν</span> <span class='ocrx_word' id='word_1_110' title='bbox 972 2718 1098 2797; x_wconf 77' lang='grc' dir='ltr'>οὶρίπτνν</span> <span class='ocrx_word' id='word_1_111' title='bbox 1124 2716 1262 2796; x_wconf 71' lang='grc' dir='ltr'><em>ἔγχελυν</em></span> 
     </span>
    </p>
   </div>
   <div class='ocr_carea' id='block_1_9' title="bbox 533 2835 1189 2919">
    <p class='ocr_par' dir='ltr' id='par_1_10' title="bbox 533 2835 1189 2919">
     <span class='ocr_line' id='line_1_19' title="bbox 533 2835 1189 2919; baseline 0 -18"><span class='ocrx_word' id='word_1_112' title='bbox 533 2836 664 2911; x_wconf 71' lang='grc' dir='ltr'><em>ἦκουοοον</em></span> <span class='ocrx_word' id='word_1_113' title='bbox 689 2835 766 2919; x_wconf 76' lang='grc' dir='ltr'><em>ἕκτῳ</em></span> <span class='ocrx_word' id='word_1_114' title='bbox 791 2839 881 2917; x_wconf 74' lang='grc' dir='ltr'><em>μόλις</em></span> <span class='ocrx_word' id='word_1_115' title='bbox 907 2839 967 2904; x_wconf 77' lang='grc' dir='ltr'>ἔτει</span> <span class='ocrx_word' id='word_1_116' title='bbox 994 2838 1189 2918; x_wconf 77' lang='grc' dir='ltr'><em>ποθουμένην.</em></span> 
     </span>
    </p>
   </div>
   <div class='ocr_carea' id='block_1_10' title="bbox 355 3017 1382 4177">
    <p class='ocr_par' dir='ltr' id='par_1_11' title="bbox 355 3017 1382 4177">
     <span class='ocr_line' id='line_1_20' title="bbox 405 3017 1380 3106; baseline -0.002 -23"><span class='ocrx_word' id='word_1_117' title='bbox 405 3017 525 3099; x_wconf 79' lang='lat' dir='ltr'>Quibus</span> <span class='ocrx_word' id='word_1_118' title='bbox 549 3019 649 3084; x_wconf 86' lang='lat' dir='ltr'>hercle</span> <span class='ocrx_word' id='word_1_119' title='bbox 673 3021 717 3084; x_wconf 91' lang='lat' dir='ltr'>nil</span> <span class='ocrx_word' id='word_1_120' title='bbox 737 3021 838 3106; x_wconf 86' lang='lat' dir='ltr'>aptius</span> <span class='ocrx_word' id='word_1_121' title='bbox 857 3021 894 3085; x_wconf 87' lang='lat' dir='ltr'>ad</span> <span class='ocrx_word' id='word_1_122' title='bbox 912 3021 1006 3085; x_wconf 88' lang='lat' dir='ltr'>risum</span> <span class='ocrx_word' id='word_1_123' title='bbox 1025 3018 1216 3083; x_wconf 84' lang='lat' dir='ltr'>excitandum</span> <span class='ocrx_word' id='word_1_124' title='bbox 1239 3018 1380 3101; x_wconf 88' lang='lat' dir='ltr'>idemque</span> 
     </span>
     <span class='ocr_line' id='line_1_21' title="bbox 361 3136 1380 3226; baseline -0.004 -24"><span class='ocrx_word' id='word_1_125' title='bbox 361 3137 399 3202; x_wconf 87' lang='lat' dir='ltr'>ad</span> <span class='ocrx_word' id='word_1_126' title='bbox 440 3138 566 3202; x_wconf 86' lang='lat' dir='ltr'>salivam</span> <span class='ocrx_word' id='word_1_127' title='bbox 600 3140 778 3204; x_wconf 86' lang='lat' dir='ltr'>movendam</span> <span class='ocrx_word' id='word_1_128' title='bbox 813 3144 1022 3226; x_wconf 80' lang='lat' dir='ltr'>spectatorum.</span> <span class='ocrx_word' id='word_1_129' title='bbox 1076 3136 1265 3202; x_wconf 85' lang='lat' dir='ltr'>Desiderium</span> <span class='ocrx_word' id='word_1_130' title='bbox 1300 3136 1380 3200; x_wconf 87' lang='lat' dir='ltr'>enirn</span> 
     </span>
     <span class='ocr_line' id='line_1_22' title="bbox 360 3253 1381 3343; baseline -0.003 -23"><span class='ocrx_word' id='word_1_131' title='bbox 360 3256 459 3322; x_wconf 90' lang='lat' dir='ltr'>denuo</span> <span class='ocrx_word' id='word_1_132' title='bbox 491 3257 634 3343; x_wconf 84' lang='lat' dir='ltr'>gustandi</span> <span class='ocrx_word' id='word_1_133' title='bbox 662 3257 804 3339; x_wconf 88' lang='lat' dir='ltr'>delicias,</span> <span class='ocrx_word' id='word_1_134' title='bbox 829 3279 904 3342; x_wconf 89' lang='lat' dir='ltr'>quae</span> <span class='ocrx_word' id='word_1_135' title='bbox 929 3263 998 3321; x_wconf 88' lang='lat' dir='ltr'>ante</span> <span class='ocrx_word' id='word_1_136' title='bbox 1021 3256 1092 3321; x_wconf 90' lang='lat' dir='ltr'>belli</span> <span class='ocrx_word' id='word_1_137' title='bbox 1116 3254 1237 3318; x_wconf 89' lang='lat' dir='ltr'>initium</span> <span class='ocrx_word' id='word_1_138' title='bbox 1261 3253 1381 3318; x_wconf 84' lang='lat' dir='ltr'>abunde</span> 
     </span>
     <span class='ocr_line' id='line_1_23' title="bbox 360 3374 1380 3463; baseline -0.005 -22"><span class='ocrx_word' id='word_1_139' title='bbox 360 3381 479 3463; x_wconf 87' lang='lat' dir='ltr'>praesto</span> <span class='ocrx_word' id='word_1_140' title='bbox 514 3382 610 3441; x_wconf 50' lang='lat' dir='ltr'>erant¹</span> <span class='ocrx_word' id='word_1_141' title='bbox 633 3378 684 3441; x_wconf 89' lang='lat' dir='ltr'>sed</span> <span class='ocrx_word' id='word_1_142' title='bbox 720 3399 796 3461; x_wconf 89' lang='lat' dir='ltr'>quae</span> <span class='ocrx_word' id='word_1_143' title='bbox 832 3377 893 3442; x_wconf 90' lang='lat' dir='ltr'>iam</span> <span class='ocrx_word' id='word_1_144' title='bbox 927 3383 1011 3440; x_wconf 81' lang='lat' dir='ltr'>sexto</span> <span class='ocrx_word' id='word_1_145' title='bbox 1042 3397 1119 3439; x_wconf 87' lang='lat' dir='ltr'>anno</span> <span class='ocrx_word' id='word_1_146' title='bbox 1148 3397 1209 3438; x_wconf 91' lang='lat' dir='ltr'>non</span> <span class='ocrx_word' id='word_1_147' title='bbox 1243 3374 1380 3438; x_wconf 85' lang='lat' dir='ltr'>viderant</span> 
     </span>
     <span class='ocr_line' id='line_1_24' title="bbox 363 3493 1381 3581; baseline -0.004 -21"><span class='ocrx_word' id='word_1_148' title='bbox 363 3495 575 3576; x_wconf 80' lang='lat' dir='ltr'>Athenienses,</span> <span class='ocrx_word' id='word_1_149' title='bbox 612 3494 718 3560; x_wconf 88' lang='lat' dir='ltr'>callide</span> <span class='ocrx_word' id='word_1_150' title='bbox 753 3496 889 3560; x_wconf 84' lang='lat' dir='ltr'>accendit</span> <span class='ocrx_word' id='word_1_151' title='bbox 923 3501 1025 3581; x_wconf 90' lang='lat' dir='ltr'>poeta,</span> <span class='ocrx_word' id='word_1_152' title='bbox 1060 3501 1096 3558; x_wconf 90' lang='lat' dir='ltr'>ut</span> <span class='ocrx_word' id='word_1_153' title='bbox 1128 3514 1232 3557; x_wconf 88' lang='lat' dir='ltr'>eorum</span> <span class='ocrx_word' id='word_1_154' title='bbox 1267 3493 1381 3557; x_wconf 88' lang='lat' dir='ltr'>animos</span> 
     </span>
     <span class='ocr_line' id='line_1_25' title="bbox 363 3611 1379 3700; baseline -0.004 -21"><span class='ocrx_word' id='word_1_155' title='bbox 363 3615 437 3679; x_wconf 88' lang='lat' dir='ltr'>Paci</span> <span class='ocrx_word' id='word_1_156' title='bbox 467 3613 572 3679; x_wconf 82' lang='lat' dir='ltr'>reddat</span> <span class='ocrx_word' id='word_1_157' title='bbox 610 3615 825 3700; x_wconf 75' lang='lat' dir='ltr'>propensiores</span> <span class='ocrx_word' id='word_1_158' title='bbox 877 3613 963 3694; x_wconf 75' lang='lat' dir='ltr'>Quae</span> <span class='ocrx_word' id='word_1_159' title='bbox 992 3619 1169 3699; x_wconf 83' lang='lat' dir='ltr'>argumenta</span> <span class='ocrx_word' id='word_1_160' title='bbox 1201 3611 1379 3691; x_wconf 81' lang='lat' dir='ltr'>humiliora,</span> 
     </span>
     <span class='ocr_line' id='line_1_26' title="bbox 362 3731 1381 3820; baseline -0.005 -21"><span class='ocrx_word' id='word_1_161' title='bbox 362 3756 457 3819; x_wconf 88' lang='lat' dir='ltr'>quum</span> <span class='ocrx_word' id='word_1_162' title='bbox 481 3733 601 3820; x_wconf 86' lang='lat' dir='ltr'>publica</span> <span class='ocrx_word' id='word_1_163' title='bbox 624 3734 797 3818; x_wconf 83' lang='lat' dir='ltr'>eloquentia</span> <span class='ocrx_word' id='word_1_164' title='bbox 820 3735 852 3797; x_wconf 89' lang='lat' dir='ltr'>in</span> <span class='ocrx_word' id='word_1_165' title='bbox 876 3731 977 3818; x_wconf 87' lang='lat' dir='ltr'>Pnyce</span> <span class='ocrx_word' id='word_1_166' title='bbox 1000 3756 1061 3797; x_wconf 91' lang='lat' dir='ltr'>non</span> <span class='ocrx_word' id='word_1_167' title='bbox 1079 3731 1266 3810; x_wconf 84' lang='lat' dir='ltr'>admitteret,</span> <span class='ocrx_word' id='word_1_168' title='bbox 1283 3738 1381 3794; x_wconf 82' lang='lat' dir='ltr'>astute</span> 
     </span>
     <span class='ocr_line' id='line_1_27' title="bbox 361 3850 1382 3938; baseline -0.01 -17"><span class='ocrx_word' id='word_1_169' title='bbox 361 3854 483 3921; x_wconf 76' lang='lat' dir='ltr'>adhibet</span> <span class='ocrx_word' id='word_1_170' title='bbox 516 3855 546 3919; x_wconf 89' lang='lat' dir='ltr'>in</span> <span class='ocrx_word' id='word_1_171' title='bbox 578 3876 679 3934; x_wconf 88' lang='lat' dir='ltr'>socna,</span> <span class='ocrx_word' id='word_1_172' title='bbox 703 3860 739 3916; x_wconf 90' lang='lat' dir='ltr'>ut</span> <span class='ocrx_word' id='word_1_173' title='bbox 763 3852 877 3917; x_wconf 87' lang='lat' dir='ltr'>civium</span> <span class='ocrx_word' id='word_1_174' title='bbox 899 3851 1003 3938; x_wconf 88' lang='lat' dir='ltr'>populi</span> <span class='ocrx_word' id='word_1_175' title='bbox 1026 3852 1135 3916; x_wconf 87' lang='lat' dir='ltr'>animis</span> <span class='ocrx_word' id='word_1_176' title='bbox 1157 3850 1275 3915; x_wconf 80' lang='lat' dir='ltr'>inliciat</span> <span class='ocrx_word' id='word_1_177' title='bbox 1297 3850 1382 3934; x_wconf 87' lang='lat' dir='ltr'>cupi·</span> 
     </span>
     <span class='ocr_line' id='line_1_28' title="bbox 355 3972 1381 4060; baseline -0.009 -18"><span class='ocrx_word' id='word_1_178' title='bbox 355 3975 463 4042; x_wconf 75' lang='lat' dir='ltr'>dinem</span> <span class='ocrx_word' id='word_1_179' title='bbox 493 3972 638 4060; x_wconf 85' lang='lat' dir='ltr'>pristinae</span> <span class='ocrx_word' id='word_1_180' title='bbox 669 3973 838 4052; x_wconf 88' lang='lat' dir='ltr'>felicitatis,</span> <span class='ocrx_word' id='word_1_181' title='bbox 870 3994 962 4056; x_wconf 88' lang='lat' dir='ltr'>quam</span> <span class='ocrx_word' id='word_1_182' title='bbox 984 3972 1046 4037; x_wconf 86' lang='lat' dir='ltr'>sola</span> <span class='ocrx_word' id='word_1_183' title='bbox 1070 3977 1134 4037; x_wconf 80' lang='lat' dir='ltr'>Pax</span> <span class='ocrx_word' id='word_1_184' title='bbox 1157 3993 1256 4035; x_wconf 86' lang='lat' dir='ltr'>secum</span> <span class='ocrx_word' id='word_1_185' title='bbox 1280 3977 1381 4056; x_wconf 87' lang='lat' dir='ltr'>posset</span> 
     </span>
     <span class='ocr_line' id='line_1_29' title="bbox 359 4089 1380 4177; baseline -0.007 -17"><span class='ocrx_word' id='word_1_186' title='bbox 359 4097 453 4175; x_wconf 69' lang='lat' dir='ltr'>ferre,</span> <span class='ocrx_word' id='word_1_187' title='bbox 483 4117 551 4158; x_wconf 85' lang='lat' dir='ltr'>nam</span> <span class='ocrx_word' id='word_1_188' title='bbox 582 4115 650 4158; x_wconf 90' lang='lat' dir='ltr'>cum</span> <span class='ocrx_word' id='word_1_189' title='bbox 685 4092 854 4158; x_wconf 89' lang='lat' dir='ltr'>Lamachus</span> <span class='ocrx_word' id='word_1_190' title='bbox 891 4092 975 4156; x_wconf 87' lang='lat' dir='ltr'>miles</span> <span class='ocrx_word' id='word_1_191' title='bbox 988 4151 990 4155; x_wconf 87' lang='lat'>.</span> <span class='ocrx_word' id='word_1_192' title='bbox 1003 4091 1152 4177; x_wconf 87' lang='lat' dir='ltr'>gloriosus</span> <span class='ocrx_word' id='word_1_193' title='bbox 1181 4089 1380 4175; x_wconf 88' lang='lat' dir='ltr'>Dicacopolin</span> 
     </span>
    </p>
   </div>
   <div class='ocr_carea' id='block_1_11' title="bbox 0 0 1692 5232">
    <p class='ocr_par' dir='ltr' id='par_1_12' title="bbox 0 0 1692 5232">
     <span class='ocr_line' id='line_1_30' title="bbox 0 0 1692 5232; baseline 0 6"><span class='ocrx_word' id='word_1_194' title='bbox 0 0 1692 5232; x_wconf 95' lang='lat' dir='ltr'> </span> 
     </span>
    </p>
   </div>
  </div>
 </body>
</html>
