3374 5232
839 481 857 540 2

341 689 451 772 festos,
475 692 610 780 Dionyso
634 715 734 758 sacro
741 711 757 772 ,⁴
774 692 885 777 quibus
909 698 1013 778 poetae
1036 693 1137 756 omnia
1154 692 1239 757 licita
1258 698 1356 771 erant,

341 806 505 876 dummodo
533 833 641 878 caveae
667 811 835 908 excitarent
853 809 1026 904 cachinnos.
1071 810 1123 875 Sic
1145 815 1244 875 tamen
1268 809 1359 876 simul

341 935 406 994 erat
427 931 578 1018 praesidio
601 937 705 998 contra
725 915 846 1014 omnes3
861 931 931 1014 qui·
944 930 1049 1017 populi
1071 930 1287 996 dominationis
1308 931 1360 996 ad·

341 1049 468 1115 versarii
498 1071 609 1139 magna
637 1074 706 1118 cnm
735 1050 854 1118 laetitia
882 1056 914 1114 et
941 1051 1051 1137 plausu
1080 1050 1183 1137 populi
1211 1049 1244 1116 in
1271 1072 1360 1116 scena

342 1165 582 1236 traducerentur.
680 1179 682 1188 ’

388 1287 514 1356 Talibus
548 1288 624 1356 viris
655 1289 733 1354 hanc
765 1287 918 1355 licentiam
951 1287 1080 1356 maxime
1112 1288 1241 1353 invisam
1270 1288 1386 1353 fnisse
1461 1282 1469 1306 ‘⁷

344 1405 414 1473 luce
446 1408 557 1475 clarius
583 1413 643 1489 est,
672 1407 725 1473 sed
751 1406 889 1494 inprimis
915 1413 1037 1494 apparet
1059 1429 1096 1472 ex
1117 1407 1169 1473 illa
1190 1408 1272 1495 lege,
1303 1431 1362 1494 qua
1459 1445 1462 1478 .·

344 1531 467 1593 auctore
488 1526 606 1594 Pericle
628 1527 756 1592 vetitum
779 1534 825 1592 est
846 1527 994 1605 ὀνομαστὶ
1021 1527 1177 1608 κωμῳδεῖν
1198 1528 1298 1614 (cuins
1319 1529 1363 1594 rei

344 1653 483 1712 accurate
525 1645 704 1736 descriptam
752 1645 1003 1734 significationem
1045 1647 1128 1736 legas
1175 1647 1208 1713 in
1253 1647 1363 1713 Cobeti
1449 1660 1454 1747 ἑ

344 1763 460 1832 obsera.
482 1740 551 1833 crit.
574 1767 607 1832 in
627 1765 707 1832 Plat.
728 1785 809 1831 com.
832 1765 919 1851 reliq.
940 1789 1010 1853 pag.
1036 1768 1089 1852 13)
1116 1767 1175 1831 Per
1196 1773 1257 1832 tres
1281 1766 1363 1833 dein·

342 1906 415 1973 ceps
449 1907 544 1951 annos
572 1891 679 1972 poetae
704 1883 812 1948 comici
840 1885 920 1950 inter
942 1907 1021 1969 qnos
1043 1885 1287 1951 mordacissimus
1314 1885 1363 1951 ille
1431 1867 1439 1929 ‘.

343 2003 486 2086 Cratinus
516 2004 662 2093 prohibiti
690 2008 776 2085 sunt,
806 2005 969 2090 quominus
997 2003 1090 2070 libere
1117 2005 1149 2070 in
1179 2027 1268 2071 scena
1296 2027 1363 2092 age·

342 2129 412 2190 rent
435 2146 528 2210 quem
557 2123 670 2190 vellent
698 2144 794 2209 quum
823 2123 969 2204 Pericles,
995 2124 1083 2189 cuius
1108 2123 1243 2211 potentia
1264 2131 1364 2211 tyran·
1433 2126 1440 2251 p

344 2243 448 2310 uidem
477 2266 571 2331 propo
604 2243 799 2329 adaequaret,
833 2249 915 2311 recte
944 2249 1106 2324 metueret,
1140 2266 1179 2310 ne
1210 2243 1365 2312 comoedia
1428 2289 1433 2299 ·

342 2364 449 2451 populi
466 2387 538 2451 erga
555 2385 589 2428 sa
607 2363 736 2450 gratiam
759 2352 790 2427 et
812 2363 1024 2433 verecundiam
1043 2363 1233 2430 diminueret.
1256 2363 1365 2448 Itaque
1416 2346 1429 2433 J

204 2513 205 2520 ¹
343 2483 448 2551 statim
472 2488 542 2572 post
568 2483 689 2550 Samios
714 2481 849 2548 deuictos
875 2483 1060 2550 occasionem
1088 2482 1217 2570 arripuit
1238 2482 1370 2562 Pericles

345 2603 505 2677 coemendi
533 2607 691 2691 poetarum
720 2601 934 2688 petulantiam,
963 2603 1045 2689 quod
1067 2625 1138 2670 suae
1157 2603 1299 2691 potestati
1317 2617 1368 2689 pet¹

346 2721 476 2804 ticulum
503 2721 685 2802 immineret.
737 2719 849 2794 Varum
882 2745 944 2787 non
977 2721 1178 2812 dubitandum
1210 2731 1258 2792 ast
1292 2722 1370 2808 quin

346 2839 475 2930 populus
497 2839 629 2911 victoria
653 2839 767 2919 laetus,
800 2839 888 2924 qnasi
907 2839 1061 2930 detortam
1083 2841 1161 2912 hano
1182 2841 1277 2928 legam
1300 2861 1370 2927 pro·

347 2961 482 3042 homil,
503 2963 572 3026 sion·
587 2957 683 3026 multo
705 2964 776 3046 post
797 2959 995 3044 antiquatum.
1020 2959 1113 3041 Quod
1131 2960 1244 3028 lactum
1256 2955 1372 3046 optime.

347 3080 480 3160 indicat,
511 3101 589 3166 quae
616 3077 709 3145 tuerit
740 3077 913 3145 comoediae
937 3079 1023 3146 locus
1045 3081 1079 3146 iu
1100 3079 1267 3168 republica.

348 3205 352 3267 f
393 3199 529 3268 Posthac
561 3221 615 3286 per
644 3197 757 3286 viginti
790 3205 902 3286 annos,
932 3199 1030 3266 nulla.
1047 3198 1128 3288 leget
1161 3221 1302 3287 repressa¹
1326 3204 1372 3266 est

347 3319 533 3386 comoediae,
551 3317 689 3398 licentia,
722 3339 784 3414 qua
816 3318 1066 3404 praestantissimi
1096 3325 1202 3408 poetae
1229 3319 1279 3390 nsi
1300 3323 1372 3390 sunt

347 3439 390 3507 ad
410 3439 611 3530 (aspendum,
643 3447 721 3522 qnae
738 3435 806 3502 sihi
828 3436 1028 3525 displicerent.
1073 3439 1212 3521 Quorum
1235 3439 1372 3508 omnium

351 3557 515 3648 principis,
544 3555 771 3643 Aristophanis,
803 3554 920 3622 fabulas
948 3580 1021 3644 quas
1042 3564 1113 3631 anta
1134 3558 1244 3630 Niciae
1266 3581 1372 3645 pacem

350 3677 472 3759 docuit,
494 3699 531 3742 eo
553 3675 678 3742 oonsilio
700 3675 852 3762 perlegere
878 3675 992 3758 statui,
1020 3683 1057 3743 ut
1083 3678 1155 3746 inde
1179 3689 1235 3764 pro
1257 3676 1372 3746 viribus

347 3803 460 3885 :poetae
481 3794 660 3862 sententiam
682 3794 720 3860 de
741 3793 921 3882 reipnhhoae
947 3801 1029 3862 statu
1051 3795 1226 3884 indagarent
1247 3802 1278 3868 et
1303 3819 1373 3868 curo

350 3913 496 3984 historiae
520 3913 582 3982 fide
610 3935 826 4001 compararem.
851 3915 940 3997 ¹tina
961 3913 995 3980 in
1016 3937 1048 3982 ra
1069 3915 1104 3983 id
1138 3915 1214 3984 mihi
1235 3916 1374 4006 inprimis

349 4036 506 4127 agndum
520 4053 587 4102 csso
603 4033 781 4130 ridebatis,
801 4039 839 4100 ut
861 4033 1025 4124 diligenter
1044 4035 1116 4104 licta
1139 4059 1158 4117 a
1180 4037 1286 4118 reris.
1298 4035 1375 4106 saria

345 4157 499 4245 ⁴¹a'iousse
520 4154 611 4222 dictis
631 4172 839 4221 secmuarem..÷
857 4136 1061 4228 Nonarum
1080 4155 1280 4242 postafserhs
1301 4151 1375 4222 lauit
1433 4183 1435 4186 v
