3374 5232
798 413 838 472 93

311 633 406 688 rescet
431 625 535 689 attica
556 625 649 687 vineis
674 631 710 687 ut
732 631 820 687 antea
844 632 873 687 et
899 625 1002 688 vinum
1023 645 1084 706 quo
1102 623 1155 685 diu
1175 630 1332 688 caruerant

311 743 426 808 abunde
460 752 578 829 praesto
612 745 669 807 erit
704 743 824 806 urbanis
847 750 878 805 et
901 743 1031 807 rusticis.
1078 741 1186 822 Quae,
1226 743 1333 827 opinor

321 869 393 927 sunt
424 871 602 948 argumenta
623 862 737 948 optima
760 861 799 925 ad
820 860 992 947 plebeculae
1014 861 1131 926 animos
1153 862 1334 937 movendos,

313 1005 441 1066 qnorum
486 1005 555 1069 pars
587 983 698 1047 rustica
732 1003 801 1046 suos
835 1004 923 1067 agros
958 980 1082 1046 videbat
1117 987 1263 1059 vastatos,
1305 987 1336 1044 et
1413 1006 1415 1010 ¹

312 1100 422 1184 quibus
448 1103 570 1180 vinum,
595 1101 659 1164 dies
681 1101 750 1165 festi
774 1100 909 1184 aliaeque
933 1100 1104 1186 voluptates
1136 1100 1217 1165 bello
1236 1106 1336 1164 essent

312 1228 421 1306 erepta.
468 1221 578 1286 Nonne
617 1221 679 1306 ipae
713 1219 856 1284 Cratinus
894 1221 1066 1284 vinolentus
1094 1220 1147 1284 ille
1183 1219 1334 1298 comicus,

313 1339 382 1403 belli
408 1342 508 1404 statim
533 1341 623 1404 initio
646 1347 780 1405 mortuns
806 1347 887 1420 erat,
911 1340 992 1423 qnod
1004 1346 1199 1425 conspectum
1213 1340 1336 1425 ampho-

314 1481 365 1523 rae
390 1459 502 1524 fractae
524 1459 562 1524 ab
586 1459 722 1525 hostibus
746 1461 822 1523 lerre
845 1482 905 1523 non
928 1461 1049 1545 posset?
1074 1460 1175 1540 Quare
1194 1459 1336 1524 exanimi

315 1579 467 1642 sententia
489 1577 644 1664 'lhugaeua
667 1577 776 1643 Pacem
800 1579 855 1643 sub
877 1602 963 1644 auras
981 1579 1127 1656 tractam,
1145 1581 1195 1644 cui
1211 1580 1337 1644 comites

315 1701 331 1771 ἡ
361 1700 480 1778 ι’πώροι,
497 1699 662 1783 (vindemia
674 1707 704 1762 et
716 1699 835 1782 θεωρίν)
850 1700 956 1780 feriae,
977 1722 1053 1784 quae
1066 1700 1195 1766 Athenis
1207 1700 1337 1785 aliisque

314 1814 346 1879 in
371 1817 494 1882 urbibus
518 1819 661 1882 Graeciae
686 1817 912 1884 celebrabantur
935 1820 978 1884 sic
1001 1820 1114 1885 salutat
1138 1820 1222 1906 (Pae.
1242 1821 1337 1905 520):

443 1995 462 2061 ὦ
491 1998 602 2063 πότνιοι
627 1998 822 2079 βοτρυόδωρε,
846 1999 878 2063 πί
901 2002 1055 2079 προσείπω
1079 2002 1108 2064 π’
1132 2003 1224 2074 darem

444 2118 533 2183 πόθεν
558 2117 596 2182 ἴον
620 2111 753 2195 λάβοιμι
776 2121 861 2198 ῥῆμοι
883 2119 1097 2200 μυριάμφορον

404 2309 409 2322 ¹
442 2235 500 2317 dap
529 2238 682 2315 προσείπω
708 2241 757 2311 σ“;
784 2241 816 2303 οὐ
841 2241 903 2319 aaa
929 2236 1014 2320 εἶχον
1037 2241 1161 2306 οἴκοθεν.

446 2355 465 2421 ὦ
491 2367 568 2440 χοι”ρ
597 2362 746 2438 Ὀπώροι,
773 2359 825 2422 ael
850 2361 888 2423 σὺ
912 2361 950 2434 δ’,
975 2355 995 2423 ὦ
1027 2362 1156 2443 Θεωρία,

447 2475 504 2543 οἷον
528 2481 553 2542 δ’
575 2477 659 2558 ἔχεις
684 2476 719 2541 ed
745 2479 921 2560 πρόσωπον,
948 2479 968 2544 ὦ
996 2481 1124 2561 Θεωρίοι.

447 2598 504 2666 οἷον
529 2601 559 2665 δὲ
585 2609 689 2676 πνεῖς,
712 2601 750 2671 ὡς
775 2600 829 2673 aab
854 2604 938 2666 κοιπνὶ
962 2608 1017 2674 πῆς
1048 2602 1185 2681 κοιρδίοις.

445 2721 663 2799 γλυκύτατον,
686 2719 786 2801 ὥσπερ
809 2721 1000 2802 οὶσπροιτείοις
1032 2724 1085 2786 eal
1113 2724 1219 2804 μύρον.

366 2906 560 2989 Quamquam
589 2924 648 2965 non
679 2923 754 2986 opus
782 2907 827 2964 est
859 2901 983 2985 probare
1007 2903 1113 2985 quanti
1139 2902 1339 2968 Athenienses

321 3026 464 3091 ducerent
493 3022 576 3086 illam
606 3020 765 3085 Theoriam
801 3043 860 3105 qna
891 3022 971 3085 inter
1004 3043 1035 3084 se
1065 3021 1280 3088 conveniebant
1304 3022 1342 3086 ad

320 3145 411 3209 festos
438 3142 580 3228 agendos,
605 3147 704 3204 tamen
732 3141 990 3226 operaepretium
1013 3146 1059 3204 est
1087 3142 1220 3206 conferre
1247 3140 1342 3208 Thuc.

322 3263 367 3344 V,
399 3265 456 3341 18,
490 3261 543 3326 ubi
579 3261 613 3324 τὸ
638 3261 755 3337 θεωρεῖν
781 3260 865 3322 κριτοὶ
894 3260 936 3323 rel
964 3259 1082 3339 ποέπριοι
1111 3263 1162 3324 τὸν
1187 3261 1342 3341 βουλόμε-

323 3407 368 3448 νον
395 3384 447 3448 κιιὶ
477 3382 561 3470 tarda
588 3389 647 3460 γῆν
678 3383 729 3446 uel
754 3383 838 3444 κοιποι
861 3380 1025 3444 talamonea
1054 3381 1149 3451 ellade
1173 3382 1344 3468 interpacis

322 3504 518 3568 condiciones
545 3503 668 3588 legitur.

366 3621 520 3686 Praeterea
543 3621 603 3685 Pax
631 3643 732 3685 aecum
756 3621 833 3685 feret
851 3619 1031 3685 vindemiam
1066 3621 1228 3708 Dionysia,
1252 3621 1344 3687 tibiae

322 3751 444 3821 cantus,
476 3741 656 3828 tragoedias,
687 3740 819 3806 carmina
850 3738 1027 3826 Sophoclis,
1051 3740 1157 3805 turdos
1180 3742 1343 3827 omniaque

322 3860 416 3941 bona,
451 3861 563 3926 comice
596 3861 675 3926 inter
711 3883 742 3926 se
777 3861 888 3940 mixta,
919 3881 996 3944 quae
1028 3859 1138 3925 bellum
1161 3861 1343 3948 impediebat

325 3982 365 4065 (v.
391 3977 470 4061 580,
495 3981 583 4064 531).
632 3979 718 4061 Quae
740 3980 811 4045 inde
839 4004 856 4045 a
880 4002 969 4045 versu
991 3983 1344 4076 blbseqnuntnraptis·

324 4101 399 4164 sima
433 4099 470 4164 ad
500 4099 596 4186 plebis
630 4101 662 4164 in
694 4100 773 4186 agris
809 4099 940 4165 virentis
971 4101 1065 4165 risum
1102 4099 1286 4167 movendum
1315 4107 1344 4165 et
