3374 5232
780 449 820 523 lt

294 699 370 761 quae
393 675 473 761 apud
502 675 734 759 Aristophanem
757 675 886 760 legimus
908 674 945 740 de
968 675 1058 739 sociis
1082 675 1187 762 colligi
1218 683 1317 762 potest

293 818 362 860 eum
391 815 510 881 quoque
540 793 665 857 nimiam
694 791 837 857 duritiam
866 794 899 856 in
929 794 1026 858 socios
1053 795 1227 880 inprobasse
1261 815 1323 859 non

295 914 392 984 solum
426 914 509 1000 quod
542 936 559 978 a
594 935 662 978 vera
695 912 884 978 humanitate
917 911 1106 994 abhorreret,
1139 914 1191 980 sed
1227 913 1322 979 etiam

294 1034 365 1118 quia
387 1033 513 1119 imperio
536 1054 598 1098 non
620 1031 679 1097 nisi
704 1053 812 1097 nocere
835 1039 948 1118 posset.

337 1152 456 1239 Nempe
490 1153 523 1217 in
556 1151 748 1238 Babyloniis,
784 1152 871 1217 cuius
906 1151 1026 1218 fabulae
1061 1152 1232 1239 fragmenta
1258 1153 1323 1218 sola

295 1279 454 1360 supersunt
484 1271 605 1338 videtur
635 1292 735 1336 coram
765 1269 855 1335 sociis
885 1270 919 1335 in
941 1292 1030 1336 scena
1052 1271 1222 1337 traduxisse
1252 1293 1323 1336 con·

296 1391 461 1472 dicionem,
504 1412 564 1476 qua
597 1398 672 1455 tunc
705 1389 812 1454 civitas
847 1396 998 1471 uteretur,
1036 1397 1071 1455 ut
1104 1390 1195 1456 sociis
1229 1412 1322 1476 quam

297 1509 426 1576 maxime
443 1510 661 1596 importunam,
689 1531 765 1594 quae
788 1508 933 1590 andacia,
959 1515 993 1574 ut
1016 1516 1126 1576 notum
1149 1516 1196 1576 est
1219 1511 1322 1575 statim

298 1627 419 1695 Cleonis
441 1628 540 1694 movit
562 1627 637 1692 iram
662 1628 727 1714 (cfr.
751 1627 883 1693 Acharn.
909 1623 997 1713 642).

342 1749 380 1813 In
404 1747 483 1813 Pace
513 1748 658 1834 gloriatur
687 1747 780 1814 animi
810 1748 858 1812 sui
888 1746 1021 1829 virtute,
1052 1771 1114 1834 qna
1135 1747 1245 1816 Cleoni
1269 1772 1324 1836 pro

298 1867 396 1954 patria
419 1876 450 1933 ct
472 1867 579 1933 insulis
602 1867 748 1934 restiterit
771 1866 873 1952 (⁷59).

298 2052 435 2114 τοιοῦτον
452 2043 522 2114 Ιἰδὼν
533 2047 624 2129 τέρνος
632 2095 642 2125 ,
655 2049 689 2113 οὐ
700 2046 856 2112 κυτέδενσ’
872 2046 949 2111 ἀλλ’
965 2045 1038 2126 ὑπὲρ
1054 2047 1137 2124 ὑμῶν
1150 2046 1323 2130 πολεμίζων

301 2170 447 2251 ἀντεῖχον
469 2170 518 2234 ἀεὶ
537 2169 590 2235 κυνὶ
613 2173 672 2232 τῶν
692 2165 798 2231 ἀλλων
815 2167 922 2242 νήσων.

344 2349 483 2416 Mitiores
514 2357 549 2415 ut
579 2351 641 2416 sint
663 2350 756 2415 animi
779 2349 894 2415 civium
917 2370 987 2434 erga
1011 2349 1109 2414 socios
1134 2348 1235 2435 palam
1255 2370 1324 2413 sua·

303 2470 354 2537 det
377 2472 461 2558 (Pac.
487 2471 575 2555 985).

729 2651 781 2715 καὶ
803 2649 915 2714 τάλλοο
934 2652 967 2729 γ’
979 2645 1051 2715 ὦσον
1067 2651 1148 2726 ἤπιον

420 2769 494 2836 ὥστ’
504 2772 624 2851 ἐσόμεθ’
638 2773 821 2847 ἀλλήλοισιν
838 2772 930 2850 ἀμνοὶ
951 2772 1022 2842 τοὺς
1044 2767 1190 2852 τρόπους,

421 2894 474 2958 καὶ
494 2901 572 2959 τοῖσι
593 2892 792 2974 σνμμάχονσν
817 2892 975 2976 πρᾳότερον
997 2893 1089 2960 πολύ.

348 3075 506 3141 Postremo
529 3095 619 3141 naves
642 3096 719 3158 qnae
741 3074 779 3139 ad
801 3096 941 3139 nummos
963 3074 1126 3162 exigendos
1147 3073 1325 3142 emitteban-

305 3202 356 3260 tur
389 3195 422 3258 in
456 3194 574 3275 socios,
612 3200 718 3280 poetae
752 3192 838 3258 valde
872 3193 1061 3280 displicuisse
1094 3193 1167 3259 satis
1201 3198 1323 3280 apparet

307 3315 377 3402 (nq.
403 3286 513 3399 1070).

483 3500 515 3560 οὐ
537 3499 627 3559 τοῦτο
650 3494 762 3575 Orcla,
787 3494 877 3558 ἀλλά
899 3497 973 3564 νοοῦν
998 3492 1149 3558 suarem
1263 3500 1269 3515 ¹

483 3617 568 3682 αἰτεῖ
589 3613 726 3695 ταχείας
746 3601 974 3695 ἀργυρολόγους
998 3613 1111 3678 οὑτοσί.

480 3736 601 3809 τούτοις
630 3736 760 3818 ἀπαυδᾷ
782 3735 825 3814 al
850 3733 962 3800 tratum
980 3734 1034 3798 r'd
1056 3733 1182 3812 Λοξίας.

307 3926 351 3985 At
372 3919 527 3983 redeamus
550 3916 588 3981 ad
610 3915 735 4002 Vespas.
779 3914 892 3981 Iisdem
920 3913 1031 3980 aculeis
1060 3913 1171 4000 quibus
1198 3913 1326 3978 antehac

308 4035 451 4104 Graeciae
474 4037 576 4102 hostes
598 4034 725 4100 vicerint
749 4034 948 4101 Athenienses
969 4055 1052 4100 nunc
1075 4034 1156 4098 cives
1179 4038 1210 4098 et
1229 4032 1327 4099 socios

212 4207 217 4214 .
309 4157 467 4224 stimulant
488 4156 520 4222 in
544 4154 666 4221 iudiciis
688 4176 742 4241 spe
763 4155 890 4240 exiguae
911 4153 1058 4220 mercedis
