3374 5232
336 2035 402 2099 050.
425 2032 604 2098 invenem
627 2035 697 2098 Aet.
721 2031 767 2098 11.
789 2030 859 2097 Lib.
883 2015 948 2097 IV.'
963 2031 1037 2119 cap.
1066 2035 1119 2098 53.
1195 2085 1198 2092 .

339 2151 441 2217 Altera
462 2155 565 2216 autem
587 2157 634 2216 est
660 2149 731 2215 urbs
754 2151 922 2236 Syracusis.

338 2269 429 2334 Dele:
454 2268 624 2356 Syracusis.
841 2331 845 2341 ,

784 2387 829 2453 ΙΙ.

336 2549 401 2616 Oic.
424 2571 479 2636 pro
501 2549 653 2617 Cluentio.
676 2549 750 2638 Gap.
775 2551 819 2617 X.

337 2670 399 2733 Vos
433 2667 545 2742 auditis
578 2669 615 2734 de
638 2691 673 2733 eo
697 2669 728 2734 in
752 2691 842 2754 quem
865 2669 982 2735 iudices
1009 2691 1071 2735 non
1090 2669 1180 2749 estis,
1206 2670 1243 2733 de
1267 2693 1317 2744 eo,

195 2837 200 2844 .
293 2811 383 2872 quem
406 2809 465 2852 non
489 2787 612 2867 videtis,
637 2787 674 2852 de
696 2810 748 2866 eo,
778 2809 867 2872 quem
891 2787 988 2858 odisse
1007 2787 1068 2852 iam
1087 2809 1148 2852 non
1168 2789 1313 2873 potestis,

294 2907 330 2969 de
360 2929 413 2985 eo,
447 2905 501 2989 qui
531 2911 562 2970 et
585 2912 709 2998 naturae
732 2911 763 2968 et
785 2904 901 2991 legibus
932 2905 1079 2970 satisseeit
1102 2905 1204 2990 (quem
1233 2905 1313 2990 leges

293 3023 414 3102 exsilio,
439 3030 546 3087 natura
573 3030 669 3088 morte
694 3023 860 3118 multavit).

244 3203 248 3214 ,
339 3141 492 3220 Delenda‚
515 3162 591 3223 quae
616 3142 734 3206 uncinis
757 3149 828 3206 sunt
853 3142 982 3208 inclusa.

782 3317 841 3383 ΙΙΙ.

339 3483 486 3552 Caes.‚de
509 3483 594 3547 Bello
618 3482 697 3548 Gall.
721 3483 788 3547 Lib.
813 3481 839 3547 I.
864 3483 937 3569 Cap.
964 3483 1022 3550 XI.

344 3599 389 3664 {ta
412 3623 444 3665 se
466 3604 548 3666 omni
572 3608 706 3687 tempore
729 3602 766 3666 de
789 3603 905 3688 populo
931 3602 1067 3666 Romano
1093 3602 1215 3666 meritos
1234 3625 1317 3678 esse,

296 3725 331 3781 ut
353 3740 446 3804 paene
468 3719 501 3782 in
525 3726 686 3804 conspectu
709 3721 857 3784 exercitus
878 3721 973 3784 nostri
997 3720 1060 3805 agri
1081 3719 1207 3801 vastari,
1232 3721 1318 3786 liberi

294 3858 392 3900 eorum
423 3837 454 3901 in
485 3838 660 3902 servitutem
692 3838 818 3918 abduci,
848 3841 959 3924 oppida
987 3839 1153 3924 expugnari
1176 3861 1237 3904 non
1266 3839 1316 3904 de·

295 3951 428 4020 buerint.

339 4072 437 4158 Lege:
462 4095 572 4138 coram.
