3374 5232
803 437 840 496 91

365 654 468 732 Quum
492 660 593 716 autem
616 674 652 715 ex
675 651 780 715 multis
801 652 875 715 locis
893 650 1060 715 luculenter
1076 655 1212 735 apparet,
1230 648 1336 732 quanti

320 779 408 855 poeta
436 778 582 835 aestumat
604 771 729 856 gloriam
754 771 785 833 in
809 769 884 833 bello
907 788 962 854 pro
984 769 1081 855 patria
1108 775 1193 854 gesto
1217 785 1336 853 comps·

320 899 414 954 ratam
441 893 541 976 (saepe
565 891 644 955 enim
664 890 768 954 laudat
790 890 917 952 maiores
929 888 981 972 qui
998 887 1166 952 libertatem
1182 887 1338 951 universae

320 1008 462 1074 Graeciae
504 1017 606 1074 contra
641 1009 747 1073 Persas
780 1008 974 1073 defenderant
1008 1015 1039 1071 et
1071 1006 1184 1085 duces,
1214 1005 1268 1090 qui
1301 1012 1337 1070 ut

319 1128 464 1193 Phormio
488 1131 590 1194 etiam
627 1129 657 1193 in
693 1129 750 1192 hoc
785 1128 864 1193 bello
897 1149 966 1192 cum
999 1127 1125 1210 antiqua
1154 1127 1267 1191 virtute
1290 1148 1336 1191 res

318 1251 491 1334 gesserant)
512 1249 593 1314 haud
617 1248 816 1313 dubitandum
833 1254 950 1328 tamen,
974 1248 1000 1311 si
1012 1246 1127 1332 fabulas
1138 1244 1335 1332 perlegimus,

319 1370 393 1452 quin
438 1392 473 1432 ex
514 1369 607 1432 animi
642 1369 790 1432 sententia
825 1367 936 1432 bellum
967 1367 1132 1430 detestatus
1154 1367 1194 1429 sit
1216 1366 1337 1449 quoda

318 1486 433 1551 Pericle
465 1488 637 1566 incensum,
662 1489 741 1551 iuter
764 1487 893 1552 Graecos
915 1493 1051 1572 gestum,
1077 1485 1179 1571 populi
1203 1486 1339 1549 modera-

320 1613 401 1669 tores
424 1605 500 1670 lucri
526 1629 577 1692 spe
601 1608 771 1692 protrahere
799 1607 917 1672 vellent,
940 1606 1011 1670 Suis
1026 1607 1122 1692 igitur
1137 1614 1228 1692 poeta
1240 1608 1338 1670 utitur

318 1725 451 1803 viribus,
483 1726 645 1790 acrimonia
675 1733 706 1790 et
734 1728 853 1806 iocosa,
884 1733 919 1790 ut
942 1727 984 1789 ita
1007 1727 1119 1806 dicam,
1144 1727 1335 1811 eloquentia,

318 1867 394 1928 quae
425 1845 537 1930 populo
570 1845 705 1932 placebat
728 1855 762 1910 ut
786 1847 868 1932 pacis
895 1853 1014 1910 moreat
1037 1847 1229 1911 desiderium.
1275 1847 1336 1910 lta-

318 1987 378 2047 que
402 1964 482 2029 haud
506 1964 651 2043 dubium,
676 1966 800 2050 opinor,
829 1965 902 2049 quin
929 1971 1125 2050 spectatores,
1150 1966 1251 2029 fabula
1270 1976 1336 2030 acta

316 2083 382 2167 paci
394 2085 601 2168 propensiores
614 2085 736 2147 domum
749 2083 892 2148 redierint
904 2090 934 2147 et
946 2085 1047 2148 minus
1060 2084 1184 2149 obnoxii
1200 2083 1258 2148 illis
1271 2108 1334 2150 ora·

317 2201 449 2281 toribus,
487 2224 615 2287 quorum
651 2226 741 2288 prava
772 2203 897 2266 consilia
919 2203 1081 2268 detexisset
1103 2209 1219 2288 poetae.
1265 2203 1335 2284 Quo

320 2321 398 2383 circa
425 2343 484 2384 non
516 2329 628 2386 temere
657 2329 745 2408 poeta
775 2346 854 2387 anno
884 2327 945 2386 421
980 2345 1074 2406 quum
1102 2321 1166 2386 Pax
1189 2323 1332 2403 instaret,

318 2439 448 2503 fabulam
475 2441 548 2504 mihi
573 2441 708 2506 docuisse
732 2442 867 2520 videtur,
893 2465 952 2526 qua
972 2442 1085 2506 civium
1104 2442 1218 2504 animos
1237 2442 1332 2506 incer-

314 2567 361 2621 tos
387 2567 487 2622 utrum
513 2559 620 2624 Niciae
644 2560 769 2624 factioni
793 2584 830 2624 un
856 2561 1038 2640 oratoribus,
1062 2563 1115 2645 qui
1133 2571 1200 2647 post
1212 2561 1333 2627 Cleonis

314 2687 439 2740 mortem
464 2679 495 2742 in
519 2677 620 2764 Pnycc
649 2679 757 2742 bellum
789 2680 972 2756 suadebant,
1003 2681 1207 2746 auscultarent
1230 2683 1333 2767 impel-

314 2793 387 2858 leret
411 2796 448 2859 ad
483 2798 587 2860 Pacem
618 2798 832 2883 accipiendam.
881 2799 961 2882 (Pac.
988 2803 1066 2879 292,
1091 2801 1153 2862 295

483 2943 533 3000 νῦν
559 2941 640 3001 ἐστιν
667 2941 759 3030 ἡμῖν,
785 2937 889 3020 ὦνδρες
914 2941 1089 3014 Ἕλληνες,
1120 2943 1215 3006 καλὸν

485 3057 651 3132 ἐξελκύσαι
677 3062 732 3133 τὴν
759 3066 854 3127 πᾶσιν
888 3064 1014 3142 Εἰρήνην
1040 3062 1137 3143 φίλην

488 3177 555 3256 πρὶν
582 3177 680 3258 ἕτερον
703 3176 743 3244 αὖ
775 3182 897 3246 δοίδυκα
924 3184 1065 3248 κωλῦσαί
1088 3207 1157 3247 τινα

313 3318 476 3383 Videamus
511 3321 621 3406 quibus
644 3327 831 3409 argumentis
861 3333 964 3389 utatur
986 3325 1018 3388 in
1040 3321 1098 3386 hac
1120 3325 1229 3388 fabula.

355 3439 462 3504 Graeci
486 3442 557 3506 deos
579 3443 690 3508 habent
714 3444 823 3522 iratos,
849 3444 930 3527 quod
952 3446 1030 3507 inter
1042 3465 1073 3505 se
1085 3441 1196 3507 bellum
1209 3453 1328 3529 gerunt.

310 3557 376 3622 Iam
404 3582 462 3623 non
487 3561 615 3646 amplius
661 3569 787 3626 tuentur
810 3565 935 3627 numina
958 3563 1113 3628 Graeciam
1135 3565 1216 3647 (Pac.
1235 3565 1328 3648 204):

397 3713 551 3789 Ἕλλησιν
571 3718 773 3794 ὀργισθέντες.
800 3713 857 3781 εἶτ’
887 3719 1018 3780 ἐνταῦθα
1045 3718 1101 3794 μέν

398 3835 435 3899 ἵν’
459 3829 536 3901 ἦσαν
558 3837 665 3911 adrui,
690 3837 741 3900 τὸν
772 3839 908 3915 πόλεμον
938 3837 1113 3917 exortamur

398 3959 480 4034 ipsuis
512 3957 702 4037 παραδόντες
727 3960 798 4038 δρῶν
824 3961 965 4039 ἀτεχνῶς
995 3957 1012 4022 d
1034 3984 1063 4023 τι
1091 3960 1242 4038 (loturam

352 4109 415 4174 Pax
446 4111 539 4195 igitur
562 4111 697 4176 facienda
720 4121 780 4192 ost,
805 4120 839 4176 ut
862 4135 931 4177 cum
955 4114 1014 4178 diis
1037 4116 1067 4178 in
1091 4116 1217 4200 gratiam
1244 4118 1325 4182 rede-
