3374 5232
834 403 872 462 56

347 611 444 676 lenter
470 619 594 700 apparet
622 620 742 701 poetam
764 622 948 701 praesentem
976 637 1074 680 rerum
1097 629 1209 680 statum
1233 615 1368 680 fastidire

346 751 407 794 nna
436 753 506 796 cum
532 732 585 813 iis,
618 755 695 820 quos
721 733 816 820 plebis
846 734 1010 798 dominatio
1040 741 1161 821 urgeret
1188 741 1220 799 et
1241 756 1260 799 a
1281 757 1369 821 repu-

345 850 425 916 blica
448 859 605 918 coerceret.
650 852 732 918 Nam
756 876 831 940 quae
858 853 1057 933 democratia,
1080 878 1098 919 a
1124 853 1241 918 Pericle
1263 861 1369 934 aucta,

345 970 501 1035 toleranda
524 971 640 1052 fuerat,
665 972 737 1038 dum
762 973 821 1038 viri
838 973 970 1038 illustres
993 995 1048 1040 sua
1070 973 1248 1046 auctoritate
1265 974 1370 1060 populi

343 1091 499 1166 licentiam
529 1091 719 1174 cohiberent,
749 1103 818 1180 post
847 1093 974 1159 Periclis
1003 1101 1131 1160 mortem
1161 1093 1240 1159 bello
1269 1099 1371 1158 exorto

291 1183 296 1194 ‚
345 1233 380 1276 eo
409 1217 455 1276 est
483 1211 620 1300 delapsa,
652 1219 689 1276 ut
718 1215 864 1300 populus,
896 1213 1133 1301 demagogorum
1163 1213 1371 1278 anctoritatem

346 1336 484 1410 secutus,
506 1353 573 1397 oum
590 1355 700 1418 magno
719 1332 902 1419 reipublicae
920 1339 950 1397 et
967 1333 1111 1398 bonorum
1130 1334 1209 1398 malo
1227 1333 1372 1397 saevirem

348 1451 538 1536 praesertim,
567 1457 727 1540 postquam
754 1453 923 1518 multitudo
947 1452 1061 1517 urbana
1090 1458 1179 1517 aucta
1202 1458 1247 1516 est
1268 1452 1373 1531 turba,

349 1593 426 1656 quae
457 1572 590 1656 undique
620 1595 657 1637 ex
686 1573 765 1658 agris
790 1573 975 1638 confluxerat
1001 1578 1032 1636 et
1054 1573 1086 1636 in
1113 1572 1245 1636 comitiis
1269 1572 1374 1636 conflr-

351 1689 468 1770 mabat,
492 1690 642 1776 quidquid
664 1697 804 1777 rogarent
827 1698 976 1770 oratores,
1001 1691 1031 1755 in
1054 1691 1178 1777 judiciis
1194 1691 1245 1755 ubi
1265 1698 1375 1756 temere

353 1831 566 1896 quemcunque
591 1811 741 1876 iudicaret
768 1811 905 1876 lubenter
932 1810 1075 1876 utebatur
1105 1816 1269 1896 potestate,
1301 1832 1377 1895 quae

351 1929 416 1994 eius
446 1929 574 1994 vanitati
602 1930 788 1995 satisfaceret
812 1931 877 2016 (cfr.
908 1930 998 2017 Vesp.
1024 1933 1103 2009 893,
1134 1938 1163 1995 et
1192 1933 1255 1994 990
1281 1933 1376 2014 seqq).

352 2047 447 2113 (luins
476 2049 536 2130 rei,
566 2049 625 2114 nisi
655 2049 718 2116 Pax
752 2051 836 2115 fieret
866 2050 935 2114 finis
968 2072 1030 2114 nou
1052 2056 1138 2114 esset.
1185 2049 1260 2114 llam
1283 2049 1380 2135 igitur

353 2167 386 2232 in
413 2168 554 2233 omnibus
584 2169 653 2266 fere!
675 2169 799 2248 fabulis,
832 2192 921 2254 quam
952 2169 1081 2233 maxime
1109 2173 1227 2252 potest,
1256 2167 1378 2246 suadet,

352 2287 433 2352 unde
468 2289 542 2372 quid
576 2288 635 2353 sibi
668 2293 767 2374 speret
798 2287 835 2352 de
865 2288 969 2375 populi
1000 2286 1147 2366 moribus,
1178 2287 1290 2372 optime
1313 2308 1381 2370 cog-

357 2407 494 2471 noscitur
527 2431 543 2472 e
573 2409 632 2472 fine
663 2407 794 2487 fabulae,
820 2429 897 2492 quae
922 2406 1071 2491 Equitum
1095 2405 1216 2470 nomine
1238 2405 1383 2490 inscripta

359 2532 414 2590 est.
461 2523 512 2590 Ibi
540 2527 737 2612 Agoracritus
767 2526 913 2613 populum
948 2525 986 2589 ad
1014 2524 1170 2611 pristinam
1205 2523 1381 2588 modestiam

359 2646 530 2724 redactum,
555 2645 587 2709 in
611 2668 730 2710 scenam
753 2641 909 2731 qroducit,
934 2645 1037 2708 dicens
1062 2643 1131 2730 (Eq.
1158 2644 1272 2727 lale:

359 2831 513 2908 εὐφημεῖν
535 2829 596 2907 χρὴ
616 2828 668 2891 καί
689 2827 793 2904 στόμα
815 2826 927 2890 κλείειν
944 2827 995 2889 καί
1018 2831 1190 2906 μαρτυριῶν
1205 2825 1383 2903 ιίιιέχετίαι

361 2950 414 3013 καί
437 2949 480 3012 τὰ
503 2949 685 3028 δικαστήρια
711 2947 904 3026 συγκλείειν,
927 2943 1006 3021 eiad
1032 2945 1121 3016 πόλις
1145 2943 1196 3019 dds
1219 2945 1352 3022 γέγηθεν

363 3069 413 3132 iul
437 3075 590 3132 adroaldo
613 3069 639 3130 δ’
650 3069 844 3148 εὐτυχίαισιν
870 3065 1042 3147 παιωνίζειν
1066 3067 1100 3129 τὸ
1124 3065 1256 3143 θέατρον.

409 3251 542 3339 Populus
569 3252 874 3335 Athenas·antiquas
904 3249 1055 3334 (ἀρχαίας
1078 3247 1223 3329 Ἀθήνας)
1247 3255 1282 3310 ut
1305 3251 1389 3309 erant
1496 3269 1498 3273 ·

365 3369 445 3434 vivis
468 3369 691 3434 Themisthocle
714 3377 744 3434 et
770 3369 920 3446 Aristide,
954 3369 1043 3432 rebus
1074 3367 1222 3453 praeclare
1244 3367 1338 3450 gestis
1361 3373 1391 3428 ct

367 3489 452 3554 festis
475 3489 582 3555 diebus
604 3489 695 3553 laetas
719 3489 866 3568 incolens,
892 3488 984 3574 digne
1006 3488 1096 3553 faciet
1125 3487 1197 3552 urbe
1220 3493 1250 3551 et
1266 3492 1390 3571 tropaeo

367 3610 405 3674 ad
427 3604 646 3674 Marathonem.
673 3611 714 3694 (v.
743 3611 858 3693 1331):

371 3786 413 3856 δ’δ’
435 3793 545 3861 ἐκεῖνος
569 3789 640 3869 droia
667 3790 909 3871 τεττιγοφόρας,
933 3789 1055 3869 ἀρχαίῳ
1079 3789 1226 3867 σχήματι
1249 3784 1391 3862 λαμπρὸς

370 3916 402 3977 οὐ
420 3916 556 3993 χοιρινῶν
579 3910 668 3992 ίζαν,
693 3912 782 3974 ἄλλα
803 3911 953 3987 σπονδῶν,
979 3910 1095 3988 σμύρνῃ
1117 3906 1341 3976 κατιίλειττις.

414 4091 487 4155 Non
512 4092 643 4177 amplius
666 4093 767 4157 credet
789 4092 888 4177 primo
912 4091 1022 4173 cuique
1045 4088 1171 4166 oratori,
1201 4108 1290 4150 suum
1314 4107 1394 4149 amo·
