3374 5232
957 650 1123 732 γράψομαι

487 769 635 845 Μήδοισιν
660 770 752 834 αὐτὸν
777 769 945 850 προδιδόναι
969 772 1022 844 τὴν
1047 770 1201 837 Ἐλλοίδα.

398 971 576 1037 Rectissime
599 993 699 1036 rerum
722 979 836 1037 statum
860 973 1026 1059 perspicere
1048 973 1126 1037 mihi
1149 972 1269 1040 videtur
1292 973 1376 1040 Aris·

354 1091 509 1177 tophanes.
556 1091 637 1155 Nam
664 1091 873 1156 lubentissime
901 1091 1042 1157 sidebant
1075 1093 1184 1157 Persae
1218 1092 1376 1158 Graeciam

355 1211 565 1291 dissidentem,
590 1231 686 1296 quum
709 1212 835 1297 imperio
859 1211 1091 1276 Atheniensium
1109 1211 1204 1276 irsoto
1224 1220 1276 1278 sut
1294 1212 1376 1278 debi-

354 1328 441 1394 litato
464 1329 595 1395 Graecos
618 1330 650 1394 in
673 1330 761 1396 litore
784 1331 875 1396 Asiae
893 1329 1021 1395 Minoris
1038 1330 1209 1396 habitantes
1228 1332 1259 1396 in
1279 1341 1377 1418 potes·

355 1457 446 1514 tatem
462 1472 547 1514 suam
559 1451 693 1537 redigere
705 1458 838 1537 possent.
849 1450 1020 1514 Notissima
1031 1472 1067 1514 ex
1079 1450 1206 1514 historia
1218 1457 1289 1514 sunt
1301 1473 1377 1534 quae

355 1568 413 1632 hoc
437 1569 503 1654 ipso
521 1569 553 1632 in
573 1569 649 1633 bello
666 1591 803 1654 quaeque
822 1574 927 1656 postes
944 1563 1133 1634 machinatus
1152 1569 1193 1634 sit
1210 1592 1261 1634 rex
1273 1570 1378 1636 Persa·

355 1709 438 1768 rum,
458 1693 493 1751 ut
504 1688 679 1773 Agesilaum
692 1688 752 1753 sibi
764 1689 926 1752 instantem
939 1688 1013 1754 Asia
1023 1696 1167 1754 moveret.
1214 1688 1296 1769 Quid
1309 1712 1374 1754 con·

356 1815 402 1872 tra
414 1807 597 1873 Graecorum
620 1808 780 1872 discidium
800 1809 945 1887 effecerit,
968 1808 1136 1872 luculenter
1145 1815 1270 1895 apparet
1282 1831 1318 1873 ex
1330 1807 1379 1872 illa

357 1928 530 2014 turpissima
559 1926 636 1992 Pace
665 1927 771 2013 (Isocr.
802 1926 930 1992 Panath.
955 1929 972 2012 d
998 1928 1072 2011 106)
1106 1949 1158 2012 per
1188 1926 1377 1991 Antalcidam

357 2054 460 2133 postea
479 2039 568 2112 facta.
592 2046 814 2112 Gravissimum
832 2047 928 2132 igitur
946 2046 1004 2110 hoc
1022 2053 1232 2131 argumentum
1256 2045 1378 2110 adhibet

358 2173 461 2251 poeta,
486 2173 521 2230 ut
544 2165 727 2230 Graecarum
752 2166 911 2230 civitatum
937 2165 1074 2230 suaderet
1094 2164 1296 2229 concordiam.
1330 2163 1380 2227 Ita

359 2292 495 2370 precatur
515 2284 686 2371 Trugaeus:

511 2469 513 2474 Ι
582 2488 671 2566 μῖἕθν
694 2488 719 2550 δ’
743 2491 827 2566 ἡμᾶς
851 2488 921 2558 τοὺς
942 2486 1103 2560 Ἕλληνας

581 2613 677 2672 πάλιν
703 2608 736 2684 ἐξ
759 2609 861 2689 ἀρχῆς

580 2729 691 2810 φιλίοις
715 2732 805 2809 χυλῷ
829 2729 881 2792 καὶ
908 2730 1080 2810 συγγνώμῃ

582 2853 640 2915 τινὶ
664 2848 816 2932 πρᾳοτέρᾳ
842 2847 967 2929 κέρασον
983 2849 1054 2912 τὸν·
1066 2853 1143 2911 νοῦν.

406 3079 456 3142 Sic
475 3078 551 3142 vires
571 3077 824 3159 coniungerentur
843 3077 946 3136 contra
961 3073 1078 3136 hostem
1091 3093 1296 3150 communem,
1320 3071 1383 3150 sio,

362 3198 443 3281 quod
471 3196 593 3281 quidem
618 3193 795 3270 maximum,
821 3191 1031 3255 commercium
1056 3191 1228 3254 civitatium
1251 3191 1284 3253 in
1306 3190 1384 3253 inte·

361 3338 449 3402 grum
479 3315 701 3392 restitueretur,
733 3333 794 3395 quo
824 3309 979 3395 prohibito
1010 3332 1119 3396 magna
1151 3333 1218 3395 pars
1239 3308 1384 3372 Graeciae

362 3437 465 3500 statim
488 3434 615 3498 miseriis
638 3439 714 3496 esset
737 3431 853 3495 affecta.

407 3558 499 3620 Recte
522 3555 595 3617 mihi
618 3553 736 3616 videtur
757 3551 857 3614 locum
879 3550 1067 3634 interpretari
1091 3547 1189 3614 Schol.
1214 3549 1250 3611 ad
1274 3549 1382 3612 Pacem

365 3680 446 3740 802:
487 3671 657 3747 λεληθότως
695 3670 806 3741 αὐτοὺς
843 3671 873 3740 ἐς
915 3667 1053 3744 &naastan
1089 3668 1201 3740 αὐτοὺς
1240 3666 1383 3747 περιοέγει

367 3798 586 3879 (ὁμοφρονῆσαι
620 3792 743 3862 πάντας
775 3791 845 3862 τοὺς
873 3788 1034 3862 Ἕλλανας
1066 3787 1159 3864 οέξιῶν
1189 3789 1242 3852 καὶ
1277 3788 1385 3864 ὁμοδο-

365 3915 463 3992 μκδὸν
485 3921 539 3986 τῆς
556 3913 670 3993 εἰρήνης
686 3911 931 3990 οέντιλοὶβεοθαι,
958 3909 1007 3974 διδ
1031 3914 1120 3974 τοῦτο
1146 3911 1197 3974 ’καὶ
1219 3915 1278 3993 μιᾷ
1294 3932 1386 3989 προο-

368 4033 476 4117 κνορίκ
501 4035 613 4104 αὐτοὺς
637 4033 824 4113 περιέλαβε,
849 4031 946 4106 δκλῶν
968 4032 1002 4095 τὸ
1028 4031 1180 4108 συγγενὲς
1210 4031 1262 4094 καὶ
1290 4031 1387 4094 δυσω-

369 4161 431 4218 πῶν
456 4156 566 4224 αὐτοὺς
589 4155 626 4223 ὡς
653 4154 717 4216 οὐδὲ
741 4161 780 4234 τῇ
798 4151 948 4233 ὀνομασία
971 4150 1190 4230 διακεκριμένοι
1214 4157 1385 4228 πολεμοῦσι
