3374 5232
843 437 883 498 54

366 643 403 707 ad
427 645 622 712 deridendum
644 648 790 733 puerilem
809 650 1004 714 timiditatem
1023 656 1053 713 et
1069 649 1285 727 diffidentiam,
1304 669 1382 733 quae

332 831 334 842 ,
359 766 488 849 ¹nonnisi
510 766 654 834 damnum
677 776 799 855 possent
818 769 922 834 afferre
938 770 980 834 rei
1000 768 1147 854 publicae.
1181 769 1243 832 Hic
1262 787 1383 851 quoque

365 891 484 970 poetam
518 885 630 950 civium
665 889 775 952 vitium
812 912 874 954 non
907 891 1034 975 fingere,
1069 889 1121 954 sed
1151 894 1271 973 tangere
1301 909 1381 964 rem,

366 1024 443 1086 quae
476 1025 577 1068 revera
605 1006 758 1086 exstabat,
791 1007 961 1073 luculenter
995 1015 1117 1095 apparet
1151 1029 1187 1072 ex
1216 1007 1270 1086 iis,
1306 1029 1383 1091 quae

364 1121 492 1209 legimus
521 1125 601 1210 apud
631 1125 835 1212 Thucydidem
866 1128 938 1212 (VI,
964 1129 1029 1212 27).
1064 1127 1146 1192 Nam
1170 1149 1239 1191 oum
1262 1126 1384 1190 Hermia

368 1243 493 1308 deiectis
514 1245 621 1331 ingens
643 1246 805 1332 trepidatio
835 1247 965 1311 Athenis
994 1253 1039 1310 est
1062 1252 1142 1324 orta,
1165 1269 1212 1310 res
1235 1269 1252 1310 a
1274 1245 1384 1310 lasciva

366 1362 522 1428 iuventute
552 1365 727 1446 commissa,
759 1367 862 1430 statim
891 1366 1040 1452 suspicaci
1065 1366 1176 1451 populo
1207 1365 1287 1429 facta
1320 1386 1384 1429 esec

366 1483 526 1549 videbatur
558 1489 660 1550 contra
690 1487 795 1573 populi
824 1486 1061 1550 dominationem
1084 1484 1191 1570 (ἐδόκει
1216 1485 1267 1548 ἐπὶ
1291 1483 1383 1560 ξυνω-

367 1601 462 1685 μοσίᾳ
490 1601 561 1682 ἅμα
590 1606 736 1687 νεωτέρων
760 1607 958 1686 πραγμάτων
983 1605 1034 1668 aul
1061 1606 1156 1683 δήμου
1180 1604 1384 1675 καταλύσεως

367 1727 582 1810 γενενῆσθαι.)
603 1749 662 1812 qua
679 1727 850 1814 suspicione
867 1727 916 1790 usi
936 1726 1113 1809 nequissimi
1134 1726 1193 1790 viri
1206 1725 1384 1790 nobiliorum

366 1844 478 1908 civium
500 1837 624 1910 nbmina
647 1845 820 1909 detulerint.
878 1815 880 1825 A

409 1963 489 2050 Ergo
523 1987 584 2030 non
608 1965 716 2051 effugit
738 1965 771 2028 in
795 1965 902 2050 Vespis
935 1962 1136 2048 Bdelycleon‚
1165 1964 1260 2048 patris
1289 1986 1386 2029 mores

365 2084 409 2147 ite
432 2090 547 2149 mutare
571 2084 693 2171 cupiens
715 2091 750 2148 ut
777 2085 853 2148 civis
876 2073 987 2170 probus
1018 2083 1110 2147 fiete
1139 2083 1238 2147 iudice
1264 2084 1385 2170 inepto,
1422 2129 1423 2132 ,

365 2202 449 2266 chori
479 2203 702 2268 acerbissimam
732 2203 989 2283 criminationem,
1017 2202 1098 2286 quod
1129 2201 1160 2266 id
1181 2203 1272 2267 faciet
1294 2203 1383 2279 ξυνω·

368 2323 465 2398 μόνης
490 2323 529 2386 ὢν
552 2324 604 2386 nal
629 2324 743 2404 φρονῶν
768 2320 943 2402 superaturi.

414 2443 457 2504 At
484 2464 543 2506 nou
575 2442 639 2506 sine
670 2464 762 2508 causa
788 2443 826 2506 ad
854 2442 1042 2526 suspiciones
1070 2442 1278 2526 concipiendas
1295 2442 1388 2528 plebs

369 2566 432 2624 erat
462 2581 566 2646 prona.
612 2561 781 2626 Notissima
811 2562 891 2626 enim
921 2568 993 2626 sunt
1015 2561 1066 2624 illa
1089 2562 1280 2647 optimatium
1304 2562 1388 2625 soda-

365 2681 435 2744 licia
463 2681 659 2766 (ἔννωμνσίννν
692 2683 741 2745 s’rrl
771 2681 868 2752 δίκαις
902 2681 953 2744 aul
984 2683 1114 2764 ἀρχαῖς)
1148 2699 1236 2764 quae,
1265 2681 1389 2746 ducibus

372 2773 481 2878 Nicia,
505 2801 657 2880 Phaeaca,
682 2809 712 2864 et
736 2807 840 2900 ppstea
864 2800 1019 2865 Alcibiade
1042 2801 1172 2864 multum
1195 2800 1336 2864 valebant
1357 2801 1388 2864 in

372 2920 524 3006 republica
551 2928 581 2990 et
603 2921 704 2985 omnia
729 2913 891 3000 faciebant,
915 2927 949 2984 ut
972 2943 1043 2984 suae
1069 2921 1194 2985 factioni
1217 2920 1390 3006 prodessent

371 3040 509 3126 inprimis
547 3063 607 3128 quo
645 3047 779 3126 tempore
818 3039 912 3126 plebis
950 3041 1075 3104 saevitia
1114 3040 1213 3104 omnia
1246 3040 1388 3105 turbaret.

373 3161 443 3224 Sive
459 3160 550 3240 clam,
572 3161 636 3224 sive
655 3161 751 3246 pelam
772 3160 871 3244 quoad
889 3166 1024 3244 tempora
1043 3159 1170 3239 ferrent,
1195 3159 1224 3222 id
1246 3159 1389 3244 agebant,

374 3290 408 3342 ut
442 3279 567 3342 nimiam
600 3279 694 3364 plebis
724 3280 876 3343 licentiam
903 3287 1094 3359 coercerent,
1126 3285 1178 3342 aut
1209 3279 1390 3364 demagogos

375 3400 555 3486 expellerent
586 3401 701 3483 (notum
732 3404 776 3462 est
806 3397 1015 3484 Hyperbolum
1044 3405 1146 3484 postea
1174 3421 1192 3460 a
1221 3396 1391 3460 coniunctis

375 3519 484 3584 Niciae
506 3526 536 3582 et
560 3518 725 3584 Alcibiadis
748 3518 900 3582 sodaliciis
923 3519 1097 3582 ostracismo
1119 3538 1182 3580 esse
1205 3517 1368 3598 exactum).

306 3631 308 3634 ¹
418 3638 509 3719 Quod
544 3659 614 3702 cum
642 3637 701 3702 nisi
730 3637 809 3701 bello
838 3638 1005 3723 composito
1035 3637 1100 3701 fieri
1125 3641 1241 3720 posset,
1271 3640 1391 3698 strenue

372 3758 464 3838 mihi,
493 3757 631 3840 quamvis
659 3757 689 3820 in
723 3760 841 3822 occulto
871 3756 1057 3821 contendisse
1087 3754 1247 3832 videntur,
1275 3759 1311 3816 ut
1332 3775 1391 3840 pax

372 3879 455 3942 fieret
477 3881 507 3940 et
529 3876 623 3963 plebis
646 3898 770 3962 regnum
794 3878 826 3940 in
850 3875 982 3940 comitiis
1003 3881 1033 3940 et
1050 3874 1172 3940 iudiciis
1191 3875 1389 3959 frangeretur.

371 3997 418 4060 Ex
436 3997 557 4061 infimae
574 3995 672 4081 plebis
692 3994 832 4058 manibus
852 3994 1092 4059 iurisdictionem
1116 3994 1228 4078 eripere
1253 3991 1388 4056 mercede

372 4115 527 4180 deminuta
556 4121 609 4178 aut
632 4137 752 4198 prorsus
776 4115 908 4191 sublata,
933 4120 996 4178 erat
1014 4101 1190 4199 inceptum,
1215 4111 1297 4194 quod
1317 4111 1390 4175 belli
