3374 5232
794 417 831 477 97

294 587 403 708 agurit,
440 627 593 689 luxuriose
630 627 738 690 vicunt
774 629 814 706 (v.
854 629 906 707 70)
943 627 1014 687 dum
1044 625 1120 687 civis
1154 625 1251 688 bonus
1284 625 1316 686 in

294 742 449 806 moenibus
472 743 614 822 excubat,
638 735 779 828 pabulum
802 743 914 806 hahens
938 765 991 827 pro
1014 743 1110 822 lect03
1132 741 1315 826 quinetiam

294 859 449 924 civitatem
473 862 602 947 turpiter
622 845 757 926 ludibrio¹
777 861 924 956 habant:¹

424 1035 445 1110 ὦ
469 1039 597 1122 Κραναὰ
621 1038 709 1113 πόλις

426 1153 474 1240 ἄρ’
497 1158 634 1224 αἰσθάνει
658 1159 709 1223 τὸν
732 1158 920 1238 auscultas
942 1160 1001 1228 τῶν
1024 1157 1201 1242 eptaticum

334 1337 393 1402 Sed
426 1339 555 1424 populus
590 1339 622 1402 in
657 1339 758 1424 Pnyce
796 1339 863 1402 vult
898 1337 997 1424 decipi
1031 1344 1062 1402 et
1095 1335 1312 1423 Dioseopolin,

288 1457 456 1542 legatorum
475 1456 611 1522 heodem
629 1456 833 1537 detectorum,
857 1463 955 1521 tacere
972 1455 1056 1520 iubet
1071 1477 1194 1542 praece,
1215 1476 1309 1540 qnnnr

289 1576 353 1660 ipse
379 1581 503 1640 senatus
531 1575 664 1662 legatum
695 1577 773 1662 regis
805 1575 868 1660 (τὸν
890 1574 1050 1652 βασιλέως
1073 1572 1250 1659 ὀφθαλμὼ)
1273 1573 1311 1638 sd

288 1715 319 1758 se
351 1693 476 1758 arcessit
508 1693 541 1757 in
574 1693 767 1780 Prytaneum.
804 1692 877 1773 Quo
906 1694 1001 1779 magis
1026 1692 1076 1758 ille
1098 1693 1137 1758 dc
1157 1691 1311 1778 republica

288 1813 447 1898 desperans
483 1813 648 1898 impellitur
682 1813 721 1878 ad
755 1813 905 1898 privatam
942 1834 1046 1898 pacem
1077 1811 1245 1878 faciendam
1279 1816 1311 1875 et

288 1931 369 1995 cives
393 1931 432 1995 ob
457 1930 619 2000 stultitiam
642 1930 833 2000 devovendus
856 1932 900 2016 (r.
925 1933 1018 2016 133):

461 2111 550 2187 ὑμεῖς
575 2110 606 2174 δὲ
628 2109 838 2190 πρεσβεύεσθε
862 2109 914 2180 sul
939 2109 1108 2189 saxiscas.

329 2288 389 2351 Hic
407 2309 511 2351 rursus
531 2296 621 2372 poeta
645 2309 755 2373 magna
778 2289 810 2350 vi
837 2269 953 2351 comica
976 2287 1009 2350 in
1032 2309 1120 2352 scena
1143 2287 1240 2371 carpit
1263 2287 1308 2350 vi·

283 2407 376 2484 tium,
405 2405 486 2496 quod
509 2427 611 2470 revera
634 2404 772 2470 exstabat
795 2427 863 2469 oum
887 2403 1071 2502 reipublicae
1095 2403 1187 2484 malo,
1214 2403 1307 2468 immo

285 2524 465 2589 mordaciter
496 2525 605 2610 tangit.
639 2523 893 2588 Lacedaemonios
916 2529 945 2586 et
970 2522 1170 2587 Athenienses
1193 2523 1308 2608 legatos

285 2644 401 2707 misisse
429 2642 467 2706 ad
493 2663 594 2726 regem
626 2641 788 2706 Persarum
810 2648 845 2705 ut
875 2639 1021 2708 auxilium
1043 2639 1110 2706 eius
1131 2641 1308 2708 invocarent

286 2761 350 2843 (cfr.
375 2760 507 2825 Acharn.
532 2763 594 2823 646
619 2762 704 2843 cett.)
728 2759 919 2844 cognoscitur
941 2782 958 2822 e
980 2758 1151 2839 thuelv,
1175 2763 1233 2841 50,
1251 2760 1306 2825 nbi

283 2878 430 2968 legimus,
460 2877 624 2944 Aristidem
653 2879 870 2966 Artaphernem
900 2877 1032 2964 legatum
1061 2901 1078 2941 a
1112 2899 1181 2963 rege
1214 2879 1306 2944 Lace·

285 2997 461 3068 &emonem
482 2996 606 3064 missum
630 2996 662 3062 in
684 2996 792 3060 itinere
811 2996 1013 3082 intercepisse.
1049 2997 1076 3060 ll
1094 2996 1207 3078 literis,
1232 3021 1306 3084 quas

284 3135 384 3188 secum
413 3114 529 3186 ferebat
558 3119 765 3202 cognoverunt
795 3112 1008 3195 Athenienses,
1035 3136 1135 3204 regem
1158 3116 1304 3184 Lacedae·

283 3233 394 3306 mouiis
420 3255 482 3304 non
504 3232 684 3312 concedere,
713 3254 789 3320 quae
813 3242 970 3320 rogarent,
994 3234 1076 3318 quod
1099 3235 1188 3299 multi
1213 3237 1250 3300 ad
1273 3204 1305 3302 se

283 3353 422 3422 venirent
438 3353 548 3440 legati,
571 3350 647 3416 alius
666 3349 750 3414 aliud
769 3350 902 3416 dicentes
928 3351 1063 3438 (πολλῶν
1080 3353 1141 3431 γὰρ
1158 3353 1303 3418 ἐλθόντων

283 3471 441 3552 πρέσβεων
473 3470 580 3544 οὐδένα
609 3467 714 3537 ταύτὰ
746 3468 878 3556 λέγειν.)
924 3469 1024 3552 Quem
1055 3492 1149 3557 quum
1177 3471 1304 3536 Atheni·

282 3611 367 3661 enses
399 3588 498 3676 paullo
528 3595 598 3674 post
627 3587 833 3666 remitterent,
864 3587 953 3654 simul
982 3609 1084 3654 eorum
1116 3587 1209 3677 legati
1232 3597 1304 3656 suut

281 3709 408 3795 proiecti
432 3708 470 3776 ad
496 3729 612 3795 regem
636 3706 689 3794 qui
711 3713 812 3775 umen
835 3705 949 3794 Ephesi
973 3705 1107 3790 detegis
1127 3708 1303 3776 Artaxerxis

280 3833 377 3893 morte
400 3826 540 3891 certiores
563 3825 636 3890 facti
656 3825 768 3889 infecta
791 3825 822 3888 're
845 3822 1009 3889 redierunt.
1047 3823 1113 3888 Iam
1128 3823 1198 3889 belli
1213 3824 1303 3891 initio

279 3945 510 4018 Lacedaemonii
548 3942 710 4013 consilium
749 3940 915 4012 habuerant
954 3940 1115 4008 invocandi
1153 3941 1301 4012 auxilium

278 4063 437 4152 Persarum
459 4062 576 4141 classis,
597 4083 687 4145 quam
706 4059 788 4144 quud
808 4059 885 4124 nihil
903 4058 1102 4144 perniciosius
1122 4059 1187 4127 ficri
1198 4059 1301 4145 posset

1151 4182 1167 4243 7
