3374 5232
634 1283 710 1404 or
749 1263 1112 1406 ouuneoers.

788 1604 913 1618 WWWWW
915 1603 964 1616 ΑΛΛΛ

603 1799 688 1858 ἔλπεο
710 1805 747 1870 μὴ
768 1799 842 1870 δηρὸν
862 1805 949 1864 κείνην
969 1802 1052 1856 πόλιν
1073 1799 1270 1872 seponerem

640 1895 730 1968 μηδέἷ
749 1899 795 1954 νῦν
814 1902 919 1972 χρῆται
940 1904 1035 1972 πολλῇ
1054 1873 1208 1974 ’ἔθ’ἡσνχίᾳ-

604 1991 699 2053 εὖτ’ΐιν
720 2000 792 2053 τοῖσι
813 1999 923 2054 κακοῖσι
945 1993 1124 2069 Φιλ’ἷινδροισῑ
1145 1997 1243 2054 ταῦτα
1263 1997 1380 2069 γένηται

642 2091 740 2164 κέρδει
761 2089 876 2170 δημοσίῳ
898 2098 947 2150 σῦν
967 2099 1044 2168 κακῷ
1064 2092 1209 2167 ἐρχόμεναι.

1064 2187 1178 2252 (Theogu.
1198 2189 1317 2252 ‹at-50.)

318 2489 320 2496 ·
411 2444 557 2531 Tyrannio
576 2445 688 2510 exactis
707 2445 837 2511 Athenis
856 2445 1037 2511 democratia
1059 2452 1125 2511 orta
1148 2453 1208 2528 est,
1232 2471 1291 2532 qua
1311 2417 1382 2512 urbs
1483 2498 1486 2505 .

367 2565 421 2630 diu
442 2565 565 2646 floruit,
593 2565 765 2652 praesertim
796 2571 954 2652 postquam
984 2587 1051 2630 cum
1083 2565 1182 2630 Persis
1205 2566 1382 2632 debellatum

369 2691 428 2768 est,
462 2684 601 2751 omnibus
633 2682 748 2749 viribus
776 2691 838 2760 tam
866 2685 959 2749 animi
985 2707 1075 2769 quam
1104 2686 1237 2772 eorporis
1259 2686 1384 2751 intentis

370 2805 408 2871 ad
429 2805 588 2872 universae
611 2804 752 2870 Graeciae
778 2803 896 2868 hostem
920 2804 1164 2890 propulsandum.
1211 2805 1239 2870 Ii
1268 2807 1320 2892 qui
1350 2827 1385 2870 eo

372 2931 504 3012 ternpore
541 2925 702 3005 vixerunt,
739 2923 853 3008 ubique
882 2930 917 2988 ut
947 2923 1026 2988 infra
1055 2924 1224 2990 accuratius
1258 2947 1386 3011 expone·

372 3066 457 3126 mus,
479 3067 497 3108 a
518 3049 607 3131 poeta
636 3041 775 3108 laudibus
803 3043 980 3123 efferuntur,
1014 3043 1066 3128 qui
1093 3045 1236 3134 temporis
1258 3045 1319 3110 acti
1341 3045 1386 3109 in-

372 3163 478 3251 primis
510 3163 646 3228 laudator
682 3161 984 3228 Marathonomaohos
1023 3163 1091 3228 illos
1125 3162 1215 3228 habet
1247 3187 1301 3250 pro
1339 3187 1387 3229 ex-

315 3283 317 3286 ’
375 3283 482 3374 emplis
509 3283 697 3349 fortitudinis
727 3287 757 3346 et
787 3282 998 3349 continentiae.
1043 3283 1095 3348 ΠΗ
1123 3284 1242 3350 demum
1271 3284 1390 3350 fuerant

375 3406 471 3487 cives,
495 3405 592 3491 patria
612 3403 707 3490 digni.
752 3401 844 3489 Saepe
866 3410 1061 3490 opponuntur
1082 3403 1226 3490 posteris,
1251 3404 1305 3490 qui
1327 3426 1389 3470 eor-

375 3524 475 3611 ruptis
509 3522 642 3589 moribus
676 3523 762 3609 longe
796 3521 910 3588 distant
943 3547 960 3589 a
993 3524 1138 3588 maiorum
1172 3523 1327 3610 splendore
1360 3531 1390 3588 et

374 3643 480 3732 gloria.
526 3643 589 3725 Qui
612 3643 692 3708 enim
713 3643 842 3730 populus
864 3649 951 3708 antea
973 3643 1071 3708 fuerat
1089 3643 1174 3708 fortis
1191 3650 1222 3707 et
1244 3643 1389 3729 prudens,

378 3788 403 3851 a¹
428 3763 500 3830 viris
522 3761 805 3850 praestantissimis,
834 3769 868 3827 ut
898 3768 982 3826 erant
1026 3761 1175 3826 Aristides
1204 3769 1235 3826 et
1256 3762 1391 3828 Themis·

377 3883 490 3951 thecles
518 3883 642 3965 ductus,
671 3888 820 3968 tempore,
855 3903 915 3967 quo
938 3886 1026 3968 poeta
1048 3861 1172 3946 fabulas
1195 3881 1300 3947 docuit
1329 3886 1392 3948 erat

378 3997 537 4071 maximam
559 4008 674 4089 partem
697 4000 799 4083 turba,
823 4023 898 4087 quae
919 4001 1003 4066 luero
1026 4001 1160 4083 intenta,
1185 4002 1393 4089 ademagogis

377 4125 510 4190 nummis
532 4129 562 4188 at
584 4121 737 4208 promissis
767 4121 804 4186 ad
831 4120 931 4186 omnia
953 4121 1112 4186 inhonesta
1136 4121 1259 4209 perduci
1282 4126 1392 4207 posset.
