3374 5232
834 462 875 521 39

384 676 546 761 Nusquam
562 683 662 741 tamen
682 639 780 739 acrius
799 675 971 738 universum
990 669 1242 756 sycophantarum
1259 686 1354 752 genus

340 793 462 860 conficit
494 815 657 881 eorumque
690 793 869 880 pravitatem
903 790 1000 877 carpit
1034 810 1124 874 quam
1158 787 1191 850 in
1220 783 1353 851 tharn,

341 917 430 999 (vers.
460 916 538 1000 936)
566 914 619 979 nbi
647 935 725 980 unus
755 935 792 978 ex
821 913 859 978 iis
884 912 917 978 in
939 911 1089 975 Boeotum
1111 904 1354 973 absurdissimam

339 1035 434 1100 defert
457 1035 695 1116 accusationem,
724 1034 806 1118 quod
826 1032 971 1118 ellychnia
988 1029 1113 1096 hostilia
1129 1025 1351 1114 importaverit,
1418 1078 1422 1086 .

338 1177 374 1219 ex
397 1153 508 1239 quibus
530 1175 639 1233 unum,
662 1152 774 1218 blattae
796 1151 971 1238 impositum
989 1153 1081 1215 vento
1098 1148 1229 1214 secundo
1248 1146 1352 1212 inmis-

337 1296 426 1339 surus
448 1273 489 1338 sit
515 1275 547 1336 in
569 1274 707 1356 navalia,
729 1280 766 1336 ut
787 1294 877 1336 naves
905 1270 1076 1336 succendat,

379 1391 530 1458 Lubenter
553 1389 747 1478 Dicaeopolis
768 1391 829 1456 tale
851 1390 965 1471 eoeluS,

577 1567 655 1654 ᾇπερ
679 1569 806 1634 πίθονκον
830 1569 973 1650 ἀλιτρίας
997 1568 1109 1634 πλέων.

334 1766 367 1829 in
398 1788 484 1830 sacco
516 1765 667 1852 illigatum
698 1765 776 1831 dono
807 1766 859 1830 dat
882 1766 1013 1845 Boeoto,
1044 1772 1080 1831 ut
1102 1785 1204 1832 secum
1227 1764 1350 1829 domurn

334 1885 449 1949 auferat
461 1891 491 1949 et
502 1883 605 1950 urbem
615 1884 725 1949 liberet
736 1885 871 1949 omniurn
883 1884 1027 1950 malorum
1039 1905 1137 1950 causa.
1157 1883 1247 1970 (th.
1261 1885 1348 1968 986).

557 2097 766 2176 πάγχρηστον
790 2094 895 2175 ὄνυχος
918 2095 1008 2160 iorni

559 2216 673 2296 aparirp
697 2221 818 2288 κυκῶν,
843 2218 971 2296 τριπτὴρ
998 2216 1084 2281 δοκῶν

553 2335 671 2415 <talam
697 2334 876 2407 ὑπευθύνους
901 2341 1018 2416 λυχνοῦ
1035 2365 1064 2395 =

552 2479 610 2534 χος
635 2456 687 2518 aa}
713 2455 805 2531 κύλιξ

553 2577 596 2640 τοὶ
621 2577 790 2656 πράγματ’
804 2578 1009 2654 ἐγκυκᾶσθαι.

376 2775 576 2854 Quamobrem
590 2773 716 2838 simulac
728 2774 857 2860 populus
869 2796 970 2837 sanam
991 2778 1123 2837 mentem
1142 2774 1346 2858 recuperavit,

330 2916 399 2958 eum
427 2892 617 2978 pollicentem
641 2893 715 2958 facit
737 2899 826 2978 poeta
849 2892 914 2978 (cir.
938 2893 1021 2958 Plut.
1046 2893 1133 2976 877).

416 3103 473 3168 κᾶν
498 3103 574 3184 εἷοίρρ
598 3103 645 3173 τὶς
670 3103 808 3175 revortar
835 3101 851 3175 ἦ
876 3101 1072 3181 συκοφάντης
1098 3100 1210 3172 ἄλλος,

416 3223 547 3303 οἰμώζων
571 3223 761 3290 καθεδεῖται.

372 3423 485 3488 Verum
515 3447 575 3489 non
605 3432 667 3488 erat
697 3426 802 3510 populi
829 3425 886 3488 hoo
917 3425 995 3488 malo
1021 3423 1175 3488 civitatem
1198 3423 1343 3505 liberere,

327 3544 380 3608 scd
409 3544 515 3630 populi
542 3544 746 3608 dominatione
769 3551 838 3630 post
859 3543 994 3609 Athenas
1018 3550 1119 3631 captas
1142 3565 1262 3626 eversa,
1286 3545 1342 3609 tri-

327 3663 411 3748 ginta
428 3663 505 3742 viri,
527 3663 630 3728 statim
648 3673 809 3750 coeperunt
828 3664 1023 3730 condemnare
1040 3671 1071 3729 et
1086 3665 1224 3751 pessimis
1244 3687 1342 3731 exem-

327 3782 386 3868 plis
419 3783 527 3868 punire
561 3783 776 3869 sycophantas,
812 3785 865 3867 qui
903 3791 936 3848 ut
969 3783 1154 3870 expellantur
1186 3792 1274 3871 poeta
1307 3786 1340 3851 in

327 3900 436 3966 fabulis
458 3910 527 3968 ante
549 3903 656 3968 Niciae
678 3925 783 3989 pacem
806 3903 882 3968 actis
897 3905 961 3989 jam
981 3910 1100 3970 strenus
1119 3904 1239 3986 suadet,
1259 3906 1341 3990 quod

327 4019 508 4106 reipublicae
530 4021 621 4086 saluti
643 4024 772 4088 maxime
795 4023 955 4090 obstarent.
1187 4025 1190 4032 ’

371 4139 417 4204 De
450 4163 541 4226 prava
574 4142 783 4206 iurisdictione
817 4142 964 4228 imprimis
998 4151 1165 4226 queruntur
1195 4167 1279 4210 senes
1310 4147 1342 4211 in
