3374 5232
749 1187 818 1271 llll
857 1186 1017 1270 Plan.

899 1684 948 1732 Pax
968 1688 1003 1732 est
1019 1682 1150 1749 tranquilla
1166 1682 1273 1734 libertas.
1324 1672 1326 1678 ¹

1083 1765 1133 1818 (lic.
1150 1765 1215 1815 Phil.
1234 1767 1262 1824 2,
1279 1767 1321 1815 44.

416 2043 531 2109 Eodem
559 2044 679 2125 ardore,
708 2067 769 2129 quo
798 2045 921 2110 nimiam
949 2045 1046 2132 plebis
1074 2045 1226 2111 licentiam
1259 2054 1289 2110 et
1318 2046 1391 2113 belli

375 2164 454 2249 mala
482 2164 663 2244 insectatur,
693 2171 781 2250 pcata
810 2165 916 2230 suadet
946 2165 1073 2245 Pacem,
1106 2189 1201 2250 qnae,
1235 2173 1269 2229 nt
1291 2176 1392 2230 censet

374 2284 465 2350 linem
491 2283 658 2370 imponeret
688 2284 872 2365 conditioni,
901 2284 1035 2350 honestis
1065 2284 1184 2349 civibus
1212 2285 1292 2350 hand
1319 2286 1392 2350 tole-

375 2402 474 2468 rabili.
519 2391 581 2467 Ubi
615 2409 713 2490 potest
743 2404 931 2489 voluptates,
967 2426 1044 2488 qnae
1073 2404 1182 2469 Pacem
1212 2410 1391 2503 sequantur,

374 2524 406 2587 in
435 2523 608 2588 memoriam
636 2531 756 2588 revocat
786 2529 1002 2609 spectatorum,
1029 2523 1111 2587 haud
1132 2523 1256 2608 ignarus
1280 2521 1394 2587 civium

375 2643 506 2728 ingenii,
547 2641 642 2708 laetae
676 2649 707 2707 et
740 2664 862 2706 securae
897 2643 976 2706 vitae
1011 2641 1150 2706 amantis.
1204 2642 1393 2708 Desiderinm

376 2763 476 2848 pacis,
500 2762 585 2849 qnod
607 2785 678 2826 mox
700 2768 804 2826 natum
826 2761 879 2825 sed
897 2767 1016 2826 strenue
1036 2760 1073 2825 ab
1089 2759 1257 2824 oratoribus
1275 2782 1394 2846 oppres·

378 2905 445 2946 snm
480 2905 543 2947 esse
578 2882 832 2966 videtum-poeta
866 2880 1026 2944 accendere
1061 2886 1091 2944 et
1122 2901 1229 2964 augere
1260 2885 1395 2942 conatur.

377 3001 423 3066 Ec
458 3002 537 3066 enim
572 3001 637 3086 ipsc
668 3001 791 3064 consilio
822 3000 944 3085 scripsit
974 2999 1199 3078 Acharnenses,
1231 2998 1283 3063 ubi
1315 3004 1397 3062 totus

381 3127 517 3185 versatur
538 3119 570 3183 in
592 3119 710 3184 deliciis
732 3120 816 3205 pacis
839 3118 909 3183 belli
933 3119 1018 3184 malis
1040 3119 1238 3205 opponendis.

425 3235 624 3303 Vehementer
647 3237 795 3302 desiderat
817 3258 919 3322 pacem
951 3237 1151 3324 Dicaecpolis,
1177 3259 1256 3301 unus
1279 3259 1316 3300 ex
1338 3236 1398 3300 illis

379 3358 517 3438 rusticis,
557 3380 633 3442 qnos
673 3364 763 3444 poeta
801 3359 861 3422 iem
898 3358 930 3420 in
970 3380 1056 3442 agros
1094 3379 1226 3422 reversos
1261 3355 1399 3442 cupiebat

384 3478 527 3562 (Acharn.
551 3501 579 3544 v.
605 3480 676 3563 82):

488 3659 679 3736 ἀποβλέπων
705 3661 744 3730 εἷς
768 3661 819 3723 τὸν
843 3660 956 3737 ἀγρὸν,
983 3659 1096 3738 εἰρήνης
1121 3659 1189 3738 ἐρῶν

488 3781 610 3856 στυγῶν
633 3779 689 3850 μὲν
711 3777 811 3852 ἄστυ,
835 3779 886 3842 τὸν
910 3778 936 3840 δ’
960 3778 1032 3854 ἐμὸν
1058 3777 1150 3855 δῆμον
1175 3779 1280 3843 ποθῶν.

427 3957 484 4022 Ilst
517 3958 608 4023 homo
640 3959 737 4046 frugi,
768 3964 798 4023 et
829 3959 965 4044 sapiens,
996 3958 1069 4042 qni,
1101 3965 1135 4023 ut
1165 3961 1227 4026 iam
1251 3961 1398 4042 vidimus,

383 4083 535 4158 oratores,
589 4078 732 4165 populum
785 4078 854 4156 dolo
899 4079 978 4142 malo
1023 4078 1190 4144 allicientes
1231 4079 1401 4164 militesque
