3374 5232
787 463 828 520 49

303 677 404 760 Usque
436 676 534 740 adhuc
564 675 649 738 classi
687 683 717 737 et
750 673 895 736 exercitui
929 671 1118 757 praefuerant
1152 669 1313 748 Phormio,

299 797 418 875 Nicias,
449 796 560 879 aliique
591 793 648 857 viri
675 812 772 857 rerum
802 791 902 877 periti.
948 789 1025 854 (lum
1051 795 1151 854 aulem
1173 789 1316 854 darentur

299 917 396 1002 primo
436 915 545 1000 cuique
582 913 723 992 iactanti,
762 933 793 976 se
831 911 988 975 victoriam
1023 915 1246 997 reportaturum
1285 913 1316 973 et

301 1035 537 1101 Atheniensibus
560 1034 721 1120 imperium
744 1033 780 1096 de
804 1032 874 1097 orbe
898 1038 1044 1096 terrarum
1067 1030 1221 1118 pollicenti
1245 1029 1315 1116 (Eq.

304 1153 530 1240 tusc-1090)
551 1161 585 1219 ut
602 1153 708 1218 Cleoni
725 1151 811 1216 cuius
833 1151 1034 1237 expeditionis
1057 1171 1210 1216 successus
1233 1149 1316 1214 inex·

300 1282 437 1362 pectatus
466 1275 559 1339 immo
576 1271 742 1360 inoptatus
770 1270 946 1336 adversariis
971 1271 1037 1355 (cfr.
1059 1269 1155 1336 Thuc.
1179 1269 1235 1349 IV,
1260 1270 1315 1354 28)

300 1394 370 1458 solis
392 1394 450 1458 diis
473 1393 645 1472 deberetur,
679 1391 731 1477 qui
761 1389 975 1476 rempublicam
1003 1411 1065 1454 non
1091 1389 1228 1454 funditus
1250 1410 1317 1474 per·
1403 1463 1405 1468 ‚

299 1513 392 1578 ditem
412 1513 521 1577 vellent
545 1511 639 1596 (Nub.
660 1512 843 1576 587-589.
863 1509 944 1574 Ecel.
961 1511 1039 1594 475)
1060 1531 1130 1574 mox
1148 1510 1185 1575 de
1201 1509 1316 1596 patriae

299 1633 393 1718 gloria
415 1638 445 1695 et
468 1633 594 1717 imperio
617 1638 718 1695 aetum
741 1631 822 1706 fore,
846 1636 935 1714 putat
957 1635 1055 1715 poeta.
1102 1629 1179 1694 Aliis
1195 1635 1316 1715 quoque

300 1753 373 1817 locis
402 1753 537 1838 increpat
564 1752 701 1815 insanum
734 1750 870 1814 studium
893 1749 1060 1836 prolatandi
1083 1750 1203 1836 imperii
1226 1751 1317 1830 fines,

301 1870 383 1954 quod
410 1895 427 1934 a
457 1870 630 1956 demagogis
662 1870 789 1954 aliisque
817 1868 967 1934 bellicosis
998 1869 1042 1933 its
1071 1891 1230 1935 accensum
1253 1891 1317 1936 esse

299 1990 431 2069 videtur,
455 1997 491 2054 ιιι
513 1989 715 2054 Athenienses
738 1989 797 2052 iam
821 1988 1033 2074 Carthaginem
1056 1989 1089 2052 in
1111 2012 1196 2054 suam
1217 1996 1316 2076 potes·

300 2118 393 2176 tatem
422 2111 554 2196 redigere
584 2115 727 2195 cuperent
758 2109 822 2194 (cfr.
855 2109 910 2193 nq.
945 2113 982 2175 17
989 2112 1118 2174 2-174
1148 2111 1243 2177 Thus.
1277 2115 1315 2192 6,

301 2234 357 2310 15,
383 2233 424 2293 90
447 2230 529 2295 Plut.
552 2229 620 2295 Per.
644 2232 709 2314 20).

342 2351 445 2432 Quum
470 2357 571 2435 postes
590 2348 757 2434 expeditio,
778 2349 941 2414 ambitione
960 2351 1192 2416 Atheniensium
1209 2352 1315 2438 digua5

298 2493 436 2534 successu
470 2470 568 2533 caruit
601 2470 660 2534 iam
694 2469 766 2533 satis
799 2492 909 2554 poenas
939 2469 1087 2534 dederunt
1116 2472 1201 2552 vitii,
1233 2473 1314 2556 quod

298 2598 384 2675 poeta
416 2590 563 2676 vituperat
586 2590 668 2652 etin
694 2589 811 2654 Avibus
834 2589 1015 2674 lepidissime
1038 2595 1068 2654 et
1090 2590 1315 2657 mordacissime

281 2709 497 2795 poroediatur.

342 2828 436 2893 Aliud
467 2849 589 2912 quoque
616 2828 724 2891 vitium
756 2834 819 2892 erat
847 2829 1138 2913 perniciosissimum
1170 2831 1312 2917 reipubli-

298 2971 358 3014 cae.
404 2949 489 3030 Quae
512 2947 593 3012 enim
618 2947 745 3011 aviditas
773 2969 876 3012 omnes
899 2949 1075 3030 incesserat,
1101 2951 1227 3016 maiores
1250 2975 1311 3018 non

298 3068 435 3147 tenebat,
471 3068 523 3152 qui
558 3068 658 3132 omnia
692 3069 839 3148 facerent,
879 3076 914 3131 ιιι
948 3069 1128 3155 reipublicae
1168 3080 1314 3160 augerent

297 3188 436 3272 gloriam3
470 3193 543 3251 tunc
566 3187 775 3271 quisquemon
799 3209 868 3250 suas
893 3187 945 3251 sed
961 3210 1008 3252 res
1030 3189 1164 3274 publicas
1187 3193 1311 3259 curabat

299 3306 367 3391 (ltq.
396 3308 491 3389 565):

364 3487 533 3564 εὐλογῆσαι
558 3485 758 3564 βουλόμεσθα
781 3486 851 3558 τοὺς
876 3486 1015 3568 πατέρας
1041 3491 1146 3567 ἡμῶν,
1172 3487 1217 3557 ὅτι

366 3603 468 3686 ἄνδρες
493 3600 571 3679 ἦσαν
593 3607 687 3679 τῆσδε
711 3613 766 3680 τῆς
790 3613 850 3684 γῆς
874 3603 952 3683 ἄξιοι
977 3610 1030 3673 καὶ
1055 3617 1108 3677 τοῦ
1134 3612 1255 3679 πέπλου

365 3723 469 3798 οἵτινες
494 3727 604 3810 πεζαῖς
628 3725 788 3806 μάχαισιν
811 3726 842 3791 ἔν
866 3751 902 3791 τε
928 3731 1116 3813 ναυφρακτῳ
1141 3737 1275 3818 στρατῷΙ

365 3853 534 3929 πανταχοῦ
557 3853 696 3920 νικῶντες
725 3849 774 3913 del
798 3848 882 3924 τήνδ’
898 3849 1074 3929 ἐκόσμησαν
1101 3853 1203 3922 πόλιν.

344 4028 462 4094 Patriae
495 4051 611 4108 amore,
646 4030 689 4094 ait
724 4030 831 4094 chorus
865 4051 924 4095 non
959 4031 1007 4094 uti
1040 4053 1120 4096 nune
1153 4033 1231 4098 lucri
1265 4057 1317 4121 spe

300 4153 421 4212 tantum
454 4148 576 4235 impulsi
610 4171 664 4235 pro
699 4149 881 4234 reipublicae
915 4149 1009 4216 salute
1045 4164 1166 4220 strenue
1199 4176 1318 4243 pugna·

1163 4277 1183 4336 4
