3374 5232
811 424 849 487 71

409 631 426 710 ἦ
450 637 512 718 γὰρ
538 639 607 714 ἐγὼ’
632 638 787 720 θαύμαζον
812 637 944 709 ἀκούων,
972 638 997 700 εἷ
1023 637 1060 700 σὺ
1084 637 1128 714 μὴ
1152 634 1214 710 εἴης

408 760 511 838 ἀνδρὸς
536 759 760 838 βουλομάχου,
784 759 835 822 aa>
861 757 1086 838 κλονοομοέχου
1113 757 1193 828 τινος
1216 755 1277 825 υἱὸς

406 880 515 960 alar-elle
540 881 591 943 κοοὶ
615 888 679 951 τοῖς
702 879 940 962 λογχοφόροισιν
965 876 1015 960 ᾆδ’
1039 877 1092 943 lde.

359 1062 480 1124 Praeter
501 1057 570 1124 belli
593 1060 740 1139 facturae,
765 1062 819 1144 qui
843 1061 925 1124 dorni
947 1063 1014 1147 paci
1031 1057 1220 1140 officiabunt,
1242 1058 1335 1123 etiarn

315 1179 444 1262 reliquos
472 1178 616 1242 Graeciae
643 1178 756 1242 incolas
786 1180 840 1263 qui
880 1180 946 1262 paci
984 1187 1083 1243 essent
1117 1177 1333 1264 impedimento

314 1296 445 1381 increpat
473 1304 575 1382 poeta,
609 1297 660 1360 ubi
694 1297 846 1382 Trugaeos
877 1319 980 1360 ornnes
1008 1297 1149 1383 populos,
1178 1297 1232 1381 qui
1254 1295 1333 1360 bello

313 1415 546 1500 Peloponesiaco
569 1417 760 1495 interessent,
790 1427 953 1500 conuocat,
985 1424 1020 1480 ut
1043 1439 1147 1502 pacem
1170 1438 1187 1481 e
1212 1414 1335 1480 latebris

314 1535 468 1619 pretabere
495 1534 654 1613 adiuvent,
683 1536 762 1600 unde
799 1559 870 1600 mox
896 1544 1037 1622 apparet,
1060 1537 1170 1624 quibus
1193 1559 1252 1622 pax
1274 1535 1334 1622 pla·

315 1664 397 1732 cent,
415 1657 526 1740 quibus
545 1679 615 1719 non.
634 1656 741 1719 Boeoti
759 1658 908 1719 nonsatis
927 1679 1047 1742 operam
1061 1658 1134 1722 dent
1147 1659 1226 1742 (vers
1238 1658 1332 1741 464):

533 1852 607 1914 ἀλλ’
633 1853 702 1929 οὐχ’
726 1854 847 1916 ἓλκοοο’
872 1849 976 1930 ἄνδρες
1002 1851 1108 1924 ὁμοίως

1065 1971 1072 1991 ³

1077 2021 1083 2033 σ

532 1975 563 2034 οὐ
589 1970 801 2058 ἕνο.).η’ψεοθ’;Ι
825 1966 861 2033 οἷ’
885 1972 1061 2047 &cudthred

534 2091 691 2168 οἰμώξεσθ’
716 2094 739 2154 al
766 2091 896 2154 Βοιωτοί.

358 2287 473 2351 Deinde
508 2289 690 2373 Argivorum
726 2292 892 2371 tanguntur
926 2286 1184 2364 machinationes,
1214 2285 1269 2369 qni
1304 2285 1335 2349 in

312 2407 411 2470 medio
441 2408 578 2472 sedentes
600 2407 735 2471 lubenter
758 2407 895 2470 riderent
918 2407 1075 2490 utriusque
1098 2405 1234 2470 civitatis
1255 2404 1336 2471 labo-

310 2548 371 2605 res,
396 2527 550 2611 utrimque
568 2527 735 2590 mercedem
753 2526 933 2612 accipientes
952 2526 1244 2610 (μισθοφοροῦντες).
1268 2524 1335 2593 Ali·

310 2646 390 2711 unde
413 2664 536 2730 quoque
559 2651 644 2731 patet
670 2647 803 2732 Argivos
829 2644 885 2709 hac
912 2645 999 2730 culpa
1024 2666 1134 2710 vacuos
1149 2667 1212 2710 non
1226 2643 1330 2710 fuitse.

310 2767 359 2830 Ad
390 2788 476 2832 vera·
496 2768 558 2832 477
591 2765 672 2829 euim
706 2765 875 2830 Scholiasta
902 2765 976 2828 citat
998 2765 1185 2830 Pherecratie
1207 2785 1245 2829 ex
1267 2766 1332 2828 Au·

309 2886 431 2949 tomolis
454 2886 656 2970 fragmentum
681 2886 718 2948 de
744 2885 880 2971 Argivis:

464 3075 542 3143 οὗτοι
567 3083 628 3159 γὰρ
655 3084 729 3158 ἡμῖν
753 3082 777 3144 οἱ
805 3087 906 3150 κακῶς
932 3078 1136 3156 νίοοολούμενον

467 3201 746 3282 ἐπομφοτερίζονσ’
772 3202 907 3278 ἐμποδὼν
933 3200 1108 3276 redderem,
1137 3255 1140 3259 .

351 3395 540 3480 'llrucydides
574 3417 692 3479 qnoque
726 3402 857 3458 testatur
887 3417 937 3458 eos
967 3413 1027 3457 non
1058 3391 1206 3488 proclives
1235 3393 1328 3456 luisse

306 3515 343 3577 ad
371 3514 482 3578 bellum
512 3514 751 3599 componendum
781 3514 838 3596 (V,
864 3517 915 3576 22.
942 3513 1045 3584 ἐπειδὴ
1070 3514 1124 3575 οὐκ
1145 3511 1248 3584 ἤθελον
1275 3512 1325 3574 ἐπι

307 3635 522 3719 οπὲνδεοθοοο);
544 3641 692 3718 praeterea
713 3634 807 3696 multa
818 3633 945 3696 fortasse
957 3632 1082 3709 fecisse,
1103 3652 1140 3694 ne
1152 3653 1211 3715 pax
1223 3631 1323 3708 fieret,

308 3764 341 3817 nt
367 3755 484 3818 lucrum
515 3753 645 3817 facerent
668 3776 683 3814 e
706 3753 782 3816 bello
806 3755 885 3824 inter
908 3751 1045 3816 civitates
1069 3750 1198 3829 vicinas,
1223 3750 1326 3814 verisi-

306 3875 373 3938 mile
404 3898 439 3938 ex
470 3875 523 3952 iis,
556 3893 633 3956 quae
663 3872 743 3956 apud
775 3871 1005 3957 Aristophanem
1036 3876 1206 3951 occurrunt.
1251 3869 1327 3932 Post

304 3994 488 4058 Lamachum
523 3993 603 4056 enim
639 3999 872 4056 annumerantur
906 3991 960 4069 iis,
997 3990 1048 4073 qui
1078 3989 1144 4074 paci
1178 3986 1326 4052 obsistant

307 4121 384 4200 (vere
410 4119 503 4200 475):
