3374 5232
796 405 879 515 ar'

206 759 208 764 ,
310 665 515 746 interciperet
546 655 648 745 tricis,
677 667 873 745 βουλομένων
903 667 960 744 μὲν
986 669 1029 732 τὰ
1053 667 1164 742 ἥδιστα
1186 666 1327 747 ἀκούειν,

310 788 496 866 αἰτιωμένων
522 791 549 854 δ’
564 788 687 870 ὕστερον
717 788 751 863 ἦν
779 813 809 853 τι
845 789 916 867 ὑμῖν
946 789 1004 854 ἀπ’
1025 791 1125 854 αὐτῶν
1156 789 1200 865 pt
1227 789 1327 866 ὁμοῖον

310 909 399 992 ἐκβῇ.

352 1031 476 1098 Fatetur
500 1032 614 1096 Demus
642 1050 728 1096 suam
747 1032 867 1117 eulpam
889 1037 920 1098 et
942 1030 1034 1095 simul
1056 1031 1219 1096 insolenter
1242 1031 1327 1096 addit

307 1171 441 1216 causum:
473 1173 579 1238 nempe
605 1172 694 1216 suum
722 1150 841 1215 lucrum
867 1149 1029 1236 respiciens
1057 1171 1126 1216 eum
1160 1150 1246 1238 cupit
1275 1175 1326 1238 pa·

306 1272 445 1351 tronum,
484 1271 538 1355 qui
575 1271 639 1335 suis
675 1269 883 1355 voluptatibus
918 1269 1045 1334 maxime
1079 1290 1191 1337 merem
1225 1283 1324 1356 geret:

306 1389 405 1474 (Vere.
434 1393 541 1475 11⁰8).

439 1509 578 1590 ὁπότερος
605 1509 643 1574 ἂν
662 1513 750 1590 σφῶν
771 1504 804 1574 εὖ
822 1533 862 1585 με
885 1511 1009 1584 μᾶλλον
1035 1512 1086 1572 νῦν
1110 1518 1180 1589 ποιῇ

438 1629 534 1709 τούτῳ
558 1629 728 1710 παραδώσω
751 1636 806 1701 τῆς
831 1630 943 1700 πυκνὸς
963 1626 1022 1698 τὰς
1047 1626 1144 1701 ἡνίας.

482 1749 520 1814 V.
547 1752 641 1814 1126.
665 1750 758 1821 αὐτός
780 1775 815 1814 τε
838 1750 907 1829 γὰρ
925 1747 1036 1826 ἥδομαι

575 1887 578 1893 “
660 1871 804 1952 βρύλλων
825 1872 860 1936 τὸ
882 1872 950 1936 καθ’
964 1869 1090 1949 ἡμέραν.
1127 1843 1130 1860 ¹

347 1991 514 2077 Tamquam
543 2013 654 2076 equum
682 1991 758 2056 alere
781 1991 857 2056 dicit
875 1992 927 2054 τὸν
951 1989 1130 2070 προστάτην
1162 1995 1215 2055 aut
1238 1989 1325 2054 victi·

304 2131 400 2192 mam,
435 2133 526 2196 quam
554 2111 629 2177 bene
658 2112 825 2198 saginatam
851 2116 1005 2176 macturus
1028 2117 1075 2176 est
1100 2110 1188 2194 (vere.
1218 2111 1325 2193 1141).

303 2230 389 2312 Quae
412 2231 520 2318 egendi
542 2233 620 2296 ratio
646 2231 814 2317 gratissime
832 2230 913 2317 plebi
935 2230 1190 2318 perniciosissima
1212 2237 1259 2294 est
1269 2227 1325 2294 rei·

302 2350 452 2436 publicae,
477 2351 530 2416 sed
546 2373 661 2438 semper
680 2358 711 2416 et
729 2351 843 2438 ubique
864 2351 984 2416 exsistit
989 2399 999 2430 ‚
1023 2349 1075 2416 ubi
1091 2373 1208 2416 summa
1223 2373 1324 2417 rerum

302 2478 346 2536 est
386 2495 476 2559 penes
516 2472 741 2540 multitudinem
783 2471 938 2538 incultam.
992 2472 1030 2537 In
1064 2478 1164 2538 nostra
1203 2495 1324 2558 quoque

302 2597 399 2657 aetate
437 2593 532 2657 multa
565 2599 682 2679 praesto
717 2599 789 2657 sunt
822 2592 1019 2674 documenta,
1059 2593 1140 2658 unde
1179 2593 1323 2659 discimus

300 2712 417 2798 plebem
434 2712 473 2779 ob
498 2713 701 2799 ignorantium
724 2735 914 2780 communem
937 2714 1064 2780 salntem
1085 2737 1143 2780 nun
1163 2715 1323 2804 respicere,

300 2851 394 2915 quum
418 2854 465 2896 res
487 2833 621 2919 privatas
638 2857 657 2897 a
677 2833 810 2920 publicis
828 2855 979 2900 secernere
1002 2856 1064 2900 nou
1085 2835 1200 2921 possit3
1223 2837 1324 2902 dema-

300 2972 397 3037 guges
417 2952 456 3017 cb
476 2975 596 3038 pravam
614 2953 805 3036 ariditatem,
828 2954 1045 3041 rempublicam
1067 2956 1189 3022 turbare
1212 2957 1323 3041 solere,

300 3072 464 3137 dummodo
483 3073 601 3139 lucrum
626 3074 750 3141 faciant.

343 3189 417 3255 Non
445 3191 577 3277 pudebat
603 3192 803 3259 Athenienses
832 3195 992 3280 imperium
1024 3194 1092 3259 dere
1120 3195 1203 3275 viro,
1235 3198 1322 3263 cuius

299 3310 481 3396 imperitiam
510 3320 549 3376 et
568 3334 691 3398 pravam
718 3313 912 3378 ambitionem
943 3314 1125 3399 perspiceret
1154 3320 1185 3380 et
1207 3315 1322 3380 ridebet

299 3430 435 3496 omnium
463 3431 614 3496 levissima
643 3433 743 3514 natio,
767 3433 885 3497 etiamsi
909 3439 1048 3519 ageretur
1075 3432 1111 3498 de
1136 3434 1321 3520 reipublicae

299 3550 402 3616 salute.
451 3553 534 3616 Nam
554 3574 620 3616 cum
645 3551 739 3617 Cleon
760 3552 884 3618 cedente
903 3551 1009 3632 Nicia,
1033 3561 1206 3639 arroganter
1226 3555 1320 3640 jacte-

299 3679 345 3736 ret
371 3693 402 3736 se
431 3672 507 3736 duce
539 3673 743 3759 Sphacteriam
773 3696 844 3738 mox
867 3675 899 3738 in
922 3673 1042 3738 dicione
1069 3674 1133 3738 fore
1156 3674 1319 3740 Athenien·

297 3791 392 3871 sium,
421 3793 552 3865 ἐπῆλθεν
583 3795 707 3870 αὐτοῖς,
738 3801 774 3858 ut
796 3801 896 3858 narrat
919 3794 1001 3858 Plnt.
1026 3800 1151 3870 recitent
1178 3793 1318 3871 γελάσαι

298 3909 315 3984 t
335 3917 520 3985 πιστεῦσαι,
544 3914 595 3978 καὶ
617 3913 680 3993 γὰρ
703 3912 808 3986 ἄλλως
833 3915 975 3978 εἰώθεσαν
997 3916 1094 3978 αὐτοῦ
1121 3915 1176 3988 τὴν
1205 3915 1318 3994 ιιιιιφό·

297 4047 380 4104 rure
399 4031 450 4095 sei
469 4033 586 4110 μανίαν
608 4033 729 4114 Φέρειν,
756 4033 839 4112 μετὰ
869 4035 997 4104 παιδιᾶς
1026 4035 1212 4107 adseritis.
1250 4035 1317 4118 (cir.

296 4151 392 4217 Thuc.
413 4151 469 4217 IV.
488 4156 552 4237 28).
