3374 5232
839 394 857 456 8

337 603 406 690 paci
437 603 588 685 obstabat,
619 611 679 690 quo
717 606 813 692 magis
845 606 973 671 Demum
1009 605 1096 672 ludos
1129 609 1240 673 iaceret
1270 615 1305 673 ut
1327 610 1356 673 ei

341 717 450 787 obiicit
472 719 640 789 insiciarins
663 723 733 810 (llq.
754 726 817 788 809
837 723 950 810 quibus
972 725 1106 791 conferas
1127 724 1213 792 Phoc
1235 725 1274 793 V.
1305 727 1357 814 16)

383 883 690 980 transmersus,
716 900 796 968 τόνδ’
818 901 1002 986 ἐξοποντᾷς,
1028 903 1081 970 sal
1108 904 1308 986 ὀνειροπολεῖς

351 1003 356 1012 ’
418 1019 487 1103 περὶ
508 1023 636 1088 σωυτοῦ.

386 1201 460 1268 Post
482 1201 608 1269 Periclis¹
629 1209 756 1271 mortem
778 1204 908 1292 populus
930 1201 1072 1271 omnibus
1095 1204 1202 1270 vinclis
1225 1205 1359 1285 solutus,

341 1319 402 1388 sibi
423 1322 570 1410 praefecit
591 1322 792 1390 moderatores
816 1321 1023 1410 (προοποὶτως)
1047 1322 1101 1409 qui
1124 1321 1361 1388 subblandiendo

342 1441 458 1508 tautam
480 1442 690 1509 auctoritatem
712 1443 814 1531 adepti
837 1451 925 1526 sunt,
951 1451 986 1509 ut
1002 1463 1054 1531 per
1074 1441 1188 1530 plebem
1208 1438 1247 1506 iis
1262 1442 1362 1506 omnia

342 1559 429 1626 licita
455 1567 607 1628 essentet
630 1561 755 1650 impune
778 1563 927 1629 saevirent
949 1563 981 1628 in
1006 1581 1269 1648 unumquemque,
1303 1559 1362 1626 sibi
1486 1603 1487 1606 =

344 1685 398 1745 aut
434 1680 515 1768 plebi
548 1679 692 1748 invisum.
743 1681 838 1748 Erant
875 1683 950 1764 viri,
986 1701 1113 1767 quorum
1147 1679 1306 1746 insolentia
1333 1687 1364 1745 et

345 1807 442 1865 mores
471 1799 647 1866 incultiores
675 1801 827 1887 placerent
856 1800 954 1886 plebi,
986 1807 1056 1887 post
1087 1799 1160 1866 belli
1188 1801 1309 1865 initium
1332 1800 1364 1865 in

290 1955 292 1959 ·
346 1919 419 1985 urbe
445 1918 587 2006 vers-anti.
634 1919 805 1985 Audiamus
827 1926 933 2007 poetae
957 1920 994 1986 de
1017 1919 1055 1984 iis
1078 1919 1269 1985 sententiam.
1316 1918 1364 1984 De

347 2047 383 2103 eo
410 2038 464 2123 qui
491 2038 608 2125 primus
630 2045 701 2126 poet
723 2038 868 2104 Periclem
890 2039 996 2126 populi
1019 2035 1080 2104 fuit
1102 2038 1271 2104 moderator
1293 2039 1365 2126 legi·

348 2178 414 2223 mus
437 2157 471 2222 in
494 2157 661 2245 fragmento
683 2158 802 2224 fabulae
824 2159 973 2239 „stipor”
996 2155 1166 2245 inscriptae.
1207 2157 1256 2224 Ibi
1280 2181 1366 2224 voca·

350 2282 412 2343 tur:
436 2277 593 2350 Μελιτεὺς
615 2277 730 2359 κάπρος
753 2277 832 2364 (ἐπεὶ
854 2277 949 2351 locale
970 2280 1093 2364 tornet
1110 2286 1214 2364 postea
1233 2277 1279 2342 sic
1297 2300 1365 2342 eum

351 2395 514 2481 alloquitur
525 2396 627 2462 nescio
642 2397 727 2482 quis:
750 2398 788 2462 οὺ
808 2397 1026 2477 κνρνβνοπῶλω
1042 2395 1196 2478 Εὔκρατες
1213 2395 1367 2472 στύπποοξ

353 2517 627 2603 (οτνππενοπώλνς
671 2518 752 2612 enim
786 2524 849 2582 crat
886 2517 944 2603 nq.
981 2519 1067 2604 129.)
1117 2515 1153 2582 In
1181 2516 1367 2603 lepidissimo

352 2635 492 2717 senno,
526 2635 608 2723 quod
642 2634 773 2702 occurrit
806 2635 839 2701 in
865 2625 1051 2722 'Equitibua
1086 2635 1200 2723 primus
1234 2642 1279 2701 est
1308 2638 1367 2700 τῶν

355 2749 553 2838 πωλούντων,
579 2753 610 2821 οἵ
626 2753 668 2820 τοο
693 2761 748 2828 τῆς
772 2752 890 2824 πόλεως
915 2751 1044 2833 ἕξουσιν.
1076 2751 1113 2820 ni
1133 2754 1269 2821 succedit
1283 2753 1369 2842 Lysi·

354 2873 413 2940 cles
436 2872 747 2956 ὃποοβοοτοπῶωης,
769 2874 824 2961 qui
847 2880 884 2941 ut
900 2881 1001 2940 namet
1012 2873 1203 2961 Thucydides
1215 2874 1298 2961 (III,
1317 2877 1369 2960 19)

355 3014 434 3059 anno
457 2996 521 3060 428
544 2994 577 3059 in
600 2993 688 3060 (laria
710 2995 833 3061 occidit.

400 3112 477 3177 Post
505 3112 586 3178 hunc
613 3114 715 3201 prodit
745 3114 758 3177 ὁ
783 3114 984 3197 βυρσοπώλης
1014 3113 1148 3178 omnium
1176 3113 1370 3194 notissimus,

336 3231 397 3298 ab
419 3232 620 3322 Aristophane
654 3235 832 3300 mordaciter
866 3233 1040 3313 traductus,
1075 3232 1223 3296 nemiuem
1257 3230 1371 3316 dignio-

359 3373 422 3417 rem
453 3359 594 3439 putante‚
626 3354 680 3439 qui
708 3377 776 3420 eum
805 3353 935 3440 expellat
957 3375 1048 3439 quam
1071 3351 1243 3417 insiciarum
1266 3351 1373 3429 illum,

361 3473 448 3538 cuius
476 3495 619 3563 persona,
645 3497 663 3540 a
685 3481 774 3560 poeta
800 3475 869 3539 ficta
893 3471 1117 3538 mordacissima
1139 3470 1278 3557 paroedia
1300 3468 1375 3533 mihi

361 3613 425 3658 esse
459 3591 579 3659 videtur
611 3601 641 3659 et
675 3593 784 3658 den'sio
819 3593 1051 3678 demagogorum
1090 3590 1144 3675 qui
1178 3588 1238 3674 ipsi
1271 3588 1375 3668 rudes,

363 3710 460 3776 dolosi
492 3712 610 3778 lucrum
643 3711 733 3778 modo
768 3711 980 3800 respicientes,
1010 3733 1027 3775 a
1054 3708 1165 3797 poprdo
1195 3707 1317 3774 credulo
1347 3714 1378 3772 ct

363 3831 453 3897 avido
483 3832 663 3920 reipublicae
693 3831 836 3920 praefecti
866 3830 938 3895 sint.
983 3828 1069 3894 Tales
1097 3826 1190 3914 igitur
1213 3833 1298 3892 erant
1321 3824 1378 3888 viri

364 3939 420 4037 qui
448 3951 518 4016 inde
548 3975 566 4017 a
594 3951 721 4018 Periclis
748 3958 857 4031 morte,
886 3947 1068 4036 reipublicae
1096 3947 1175 4012 malo
1198 3951 1377 4024 crescentes,

365 4072 480 4157 plebem
507 4072 738 4138 moderabantur
790 4070 877 4134 cuius
899 4068 1051 4135 lubidines
1074 4074 1161 4134 antea
1190 4088 1207 4129 a
1231 4064 1303 4129 viris
1327 4062 1378 4125 ho·
