3374 5232
801 415 840 478 73

315 669 379 731 tino
410 667 489 730 inter
522 687 552 728 sc
581 663 735 729 dissidere.
786 662 886 743 Quare
917 666 1035 724 strenue
1074 680 1125 722 cos
1156 657 1331 721 adhortatur

314 789 352 854 ad
384 787 591 864 concordiam,
624 785 711 850 cuius
742 784 785 848 rei
816 783 935 868 insigne
965 779 1135 845 invenimus
1161 775 1330 864 exemplum

315 907 347 970 in
371 907 449 971 Pace
473 907 578 990 (802):

356 1084 360 1090 ’
426 1083 446 1151 ὦ
471 1086 687 1165 Πανέλληνες,
712 1084 929 1161 βοηθήσωμεν,
953 1081 1037 1160 εἴπεο
1062 1082 1186 1145 πώποτε

424 1207 541 1274 τάξεων
566 1204 814 1282 ἀπαλλαγέντες
840 1204 892 1266 καὶ
918 1207 1018 1266 κακῶν
1042 1207 1214 1283 φοινικικῶν

427 1327 525 1406 ἡμέρα
549 1328 611 1404 γάρ
636 1325 817 1405 ἐξέλαμψεν
841 1322 891 1398 ἥδε
916 1321 1152 1402 μισολάμαχος.

359 1505 488 1570 Videbat
511 1505 590 1568 enim
614 1510 704 1589 poeta
726 1503 893 1567 universam
915 1501 1095 1566 Graecorum
1117 1501 1243 1586 patriam
1262 1523 1330 1566 cum

313 1626 426 1704 socios,
451 1631 515 1687 lum
544 1624 663 1698 hostes,
689 1621 765 1686 bello
793 1621 963 1700 dilacerari3
995 1627 1024 1684 el
1047 1620 1135 1684 facile
1158 1621 1236 1685 iuter
1258 1622 1332 1686 sales

313 1751 343 1808 et
365 1744 488 1808 faoclias
512 1765 676 1828 cognoscas
700 1743 797 1806 virum
820 1741 941 1805 anxium
965 1733 1002 1805 ne
1026 1739 1124 1826 patria
1146 1738 1223 1804 bello
1242 1740 1332 1805 intes·

313 1865 377 1928 tino
409 1865 526 1949 direpta
556 1856 778 1926 elealenuala
807 1869 907 1946 pateat
937 1860 1029 1940 hosti,
1059 1860 1109 1945 qui
1135 1861 1332 1926 iamdudum

313 1982 457 2047 Graeciae
492 1983 660 2046 immineret
694 1989 724 2046 at
758 1981 895 2045 lubenter
925 1980 990 2044 eius
1024 1979 1183 2045 discidium
1220 1981 1333 2045 videret

314 2102 380 2185 (clr.
403 2103 496 2166 Isocr.
520 2101 632 2187 Paneg.
657 2103 673 2185 d
704 2104 777 2179 122,
801 2100 929 2164 Panath.
955 2102 972 2184 ᾧ
1004 2101 1088 2184 108).

356 2221 488 2285 Pauidus
506 2220 576 2285 belli
596 2225 773 2305 conspectu,
794 2220 940 2306 pistillum
962 2222 1149 2304 quaerentis,
1180 2227 1213 2284 ut
1234 2221 1332 2285 denuo

312 2339 456 2404 Graeciae
479 2339 568 2403 urbes
592 2339 746 2403 concutiat
768 2338 922 2424 Trugaeus
945 2338 1103 2404 exclamat:

466 2513 502 2598 άρ
526 2513 612 2590 οὗτός
631 2519 700 2586 ἐστ’
724 2519 853 2590 ἐκεῖνος,
880 2515 910 2582 ὃν
935 2519 986 2583 καὶ
1010 2519 1171 2596 Φεύνομεν

422 2639 433 2699 ὁ
459 2639 570 2710 δεινὸς,
599 2639 612 2701 ὃ
637 2638 841 2718 ταλαύρινος,
865 2639 877 2700 o‘
903 2639 988 2702 κατά
1014 2648 1076 2704 τοῖν
1102 2648 1243 2710 σκελοῖν,

245 2803 247 2807 ’
310 2820 361 2903 qui
387 2821 523 2896 Prasias,
547 2817 674 2905 Megara
697 2827 726 2884 et
749 2819 883 2884 Siciliam
907 2825 938 2884 in
961 2822 1052 2907 pilam
1077 2821 1236 2899 coniiciat,
1261 2823 1281 2886 i.
1304 2845 1328 2886 e.

309 2942 460 3004 aerumnis
490 2947 584 3005 vexet.
633 2939 695 3004 Hic
722 2941 862 3026 inprimis
888 2941 1007 3020 videas,
1031 2961 1121 3025 quam
1144 2940 1218 3004 scite
1242 2947 1329 3026 pocla

308 3061 422 3126 comica
440 3061 525 3125 seriis
544 3060 764 3140 intermisceat,
786 3083 853 3124 nam
879 3053 926 3123 liis
945 3061 976 3123 in
1000 3060 1174 3145 regionibus
1198 3084 1274 3144 quae
1296 3062 1328 3124 in

306 3179 385 3245 bello
417 3180 511 3244 multa
534 3180 614 3244 mala
637 3185 721 3244 erant
745 3201 915 3265 perpessae,
945 3179 1009 3264 agri
1033 3201 1068 3242 ea
1090 3179 1155 3264 ipsa
1177 3178 1327 3258 ferebant,

306 3322 381 3382 quae
411 3299 443 3363 in
473 3298 531 3384 pila
561 3300 657 3384 parari
690 3299 835 3363 solebant.
882 3297 995 3363 Omnes
1024 3299 1162 3362 civitates
1185 3298 1328 3363 Graeciae

305 3441 398 3503 aeque
427 3425 499 3483 sunt
527 3417 610 3482 cordi
633 3417 787 3502 Trugaeo,
812 3418 843 3482 in
867 3416 983 3483 coelum
1007 3417 1135 3496 volenti,
1161 3426 1195 3482 nl
1218 3419 1326 3484 Pacem

306 3546 430 3623 quaerat
453 3541 496 3622 (v.
521 3540 592 3612 93l:

531 3718 603 3796 ὑπὲρ
627 3719 783 3792 Ἑλλήνων
806 3717 930 3782 πάντων
955 3717 1102 3794 πέτομαι.

346 3895 478 3982 Rogabit
500 3895 619 3974 Iovem,
643 3897 716 3981 quid
737 3896 774 3960 de
796 3894 937 3960 omnibus
960 3895 1084 3960 Graecis
1107 3897 1186 3978 (περὶ
1211 3896 1324 3970 Ἑλλά-

301 4038 356 4078 νων
390 4013 642 4098 ἁπαξαπάντων)
678 4016 773 4079 lacere
808 4021 904 4099 paret,
942 4035 1027 4098 quem
1059 4015 1116 4078 nisi
1149 4015 1326 4100 responde-al

300 4133 480 4219 proditionis
503 4155 533 4196 sc
557 4139 766 4199 accusaturum
789 4134 922 4196 minatur
946 4157 973 4197 v.
1002 4135 1077 4198 107:
