3374 5232
848 641 905 707 IV.

411 777 581 843 Causando
604 777 690 842 Bello
712 776 778 843 civ.
802 777 832 844 1.
857 779 909 842 61.

412 897 481 961 Hoc
506 896 583 960 inito
617 894 743 962 oonsilio
770 901 838 962 toto
866 896 992 962 flumine
1014 895 1131 962 Hibero
1160 921 1252 964 nares
1274 903 1393 986 conqui-

362 1017 430 1078 rere
456 1021 487 1078 et
509 1012 690 1099 Octogesam
713 1013 823 1080 adduci
846 1014 962 1082 iubent.
1352 1013 1357 1024 '

408 1131 510 1217 Lege:
535 1132 686 1215 conquiri.

709 1235 711 1242 ,
857 1250 896 1320 ν,

409 1367 535 1446 Livius,
558 1367 628 1431 Lib.
653 1367 714 1433 Ill.
738 1371 791 1432 41.

413 1485 453 1549 In
476 1485 571 1550 Fabio
595 1487 696 1550 minus
719 1487 750 1549 in
771 1489 842 1550 bono
869 1494 1009 1552 constans
1035 1510 1125 1571 quam
1149 1511 1260 1553 navum
1280 1490 1312 1554 in
1335 1514 1394 1554 mo-

367 1605 438 1667 titia
460 1604 617 1689 ingenium
640 1626 713 1668 esse.

410 1723 506 1806 Lege:
531 1724 562 1786 ia
577 1727 650 1808 stro
673 1729 704 1786 et
727 1725 759 1786 ia
782 1723 902 1787 militia.

848 1869 905 1934 VI.

296 1961 297 1966 ἵ
413 1990 483 2053 Tac.
508 1988 611 2073 Agric.
635 1985 709 2072 Cap.
733 1986 822 2052 XVI.

250 2107 254 2116 ’
412 2095 587 2191 Legendum
615 2105 691 2169 mihi
715 2105 849 2169 uidetur:

414 2224 506 2305 Quod
528 2224 588 2288 nisi
604 2223 753 2288 Paulinus
772 2223 895 2308 cognito
907 2222 1081 2307 provinciae
1092 2229 1179 2288 motu
1189 2246 1315 2310 propere
1327 2226 1396 2290 sub·

373 2343 505 2407 venisset
529 2341 689 2406 Britannia
711 2342 822 2406 amissa
853 2341 946 2419 loret3
978 2362 1069 2426 quam
1092 2343 1185 2407 unius
1207 2342 1314 2428 proelii
1336 2345 1394 2407 for-

372 2469 446 2524 tuna
470 2461 565 2524 veteri
582 2459 745 2546 patientiae
764 2458 916 2538 restituit,
941 2457 1113 2524 tenentibus
1132 2481 1214 2525 erma
1230 2460 1396 2546 plerisque,

376 2601 453 2662 quos
484 2577 670 2641 conscientia
696 2576 874 2641 defectionis
904 2582 934 2641 et
961 2577 1100 2662 proprius
1123 2599 1160 2646 ex
1182 2578 1279 2664 legato
1306 2580 1397 2644 timor

371 2695 517 2780 agitabat.
563 2695 615 2758 Ne
638 2715 823 2778 quamquam
854 2694 992 2780 egregius
1024 2700 1122 2760 cetera
1155 2696 1335 2781 adroganter
1365 2699 1398 2760 in

372 2813 492 2880 deditos
515 2819 546 2880 et
568 2819 603 2876 nt
626 2835 697 2878 suae
720 2812 851 2896 quisque
874 2811 1000 2877 iniuriae
1029 2812 1111 2878 ultor
1132 2814 1239 2878 durius
1262 2816 1398 2880 eonsule-

369 2938 434 3012 ret,
458 2931 593 2996 mittitur
612 2930 774 2995 Petronius
794 2929 989 3016 Turpilianus
1007 2938 1163 3015 tamquam
1185 2933 1374 3000 exorabilior.

843 3073 918 3138 VII.

417 3192 527 3256 Terent
549 3191 691 3255 Eunuoh.
717 3193 790 3256 raa.

417 3309 528 3373 Omnia
550 3310 636 3395 prius
660 3309 789 3394 experiri
812 3331 903 3392 quam
929 3309 1020 3373 armis
1044 3310 1209 3394 sapientem
1237 3311 1330 3376 decet.

414 3427 512 3512 Lege:
537 3450 630 3492 arma.

834 3543 928 3608 VIII.

415 3676 517 3741 Plaut.
541 3677 610 3740 Mos
634 3677 713 3741 Vell.
739 3681 835 3742 1028.

373 3828 437 3908 Qui
460 3827 552 3894 homo
576 3828 703 3908 timidus
726 3829 838 3894 onitin
861 3827 950 3893 rebus
973 3828 1091 3908 dubiis,
1116 3830 1206 3895 nauci
1229 3850 1290 3896 non
1318 3832 1376 3896 erit

372 3948 478 4031 Atque
501 3947 657 4032 equidem,
681 3946 755 4032 quid
774 3947 806 4011 id
824 3969 887 4011 esse
911 3946 1010 4011 dicam
1027 3945 1150 4012 uerbum
1173 3948 1261 4012 nauci
1280 3949 1396 4028 neseio,

372 4064 511 4129 Ultimus
535 4087 640 4131 versus
665 4074 698 4129 ut
721 4065 866 4150 glossema
889 4064 1118 4150 expungendus.
