3374 5232
864 420 903 481 80

407 629 491 714 κᾷτα
521 632 546 694 δ’
572 635 608 702 ὡς
640 635 673 695 ε’νι
695 640 754 695 τῶν
778 635 880 711 άγρῶν
903 632 1047 708 ξυνῆλθεν
1071 633 1225 711 οὑργάτης
1253 635 1329 704 nocie

399 753 450 814 τὸν
479 751 587 830 τρόπον
613 753 806 828 πωλούμενος
834 753 884 816 τὸν
911 753 1004 816 αὐτὸν
1025 755 1077 816 οὐκ
1100 754 1270 830 ἐμάνθανεν

401 873 476 936 elul?
501 871 553 937 οἵτ’
580 873 617 937 ὢν
642 872 714 936 άνευ
743 873 902 952 γιγάρτων
928 875 980 936 καὶ
1008 879 1109 953 φιλῶν
1133 875 1191 944 τάς
1224 872 1362 954 ἰσχάδας

400 993 536 1070 ἔβλεπεν
566 994 638 1074 πρὸς
663 995 732 1065 τοὺς
763 997 928 1072 λέγοντας.

411 1171 560 1237 Omnibus
595 1173 722 1238 miseriis
756 1173 861 1238 allecte
898 1174 967 1238 urbs
1002 1174 1127 1260 pallida,
1160 1175 1248 1258 quasi
1274 1175 1384 1239 vinctis

368 1290 508 1354 manibus
540 1299 603 1355 erat
634 1292 666 1356 in
688 1297 837 1378 potestate
858 1313 960 1356 eorum
985 1293 1038 1375 qui
1061 1293 1147 1356 talem
1172 1293 1383 1358 condicionem

368 1409 427 1474 sibi
460 1409 565 1479 utilem
599 1409 752 1476 ducerent.
798 1409 889 1490 Quod
916 1411 1102 1496 lepidissimo
1132 1434 1187 1476 suo
1219 1407 1309 1476 modo
1339 1414 1383 1475 ita

367 1529 520 1614 significat
546 1531 651 1614 poetae
679 1529 761 1614 (Pac.
785 1533 877 1614 642):

413 1702 429 1774 ἡ
454 1699 545 1771 πόλις
568 1705 629 1779 γάρ
654 1703 796 1780 ὠχριῶσα
822 1701 880 1763 κάν
905 1697 996 1781 φόβῳ
1023 1698 1178 1774 καθημένη

413 1818 500 1886 άττα
522 1820 668 1898 διαβάλοι
694 1845 741 1891 τις
768 1822 869 1901 αὐτῇ,
892 1823 984 1882 ταῦτ’
1012 1818 1049 1882 θιν
1073 1817 1169 1893 ἥδιστ’
1196 1819 1308 1894 ἤσθιεν.

414 1992 486 2056 Non
523 1990 724 2056 dubitandum
763 1991 870 2075 opinor
908 1991 984 2074 quin
1018 1990 1166 2076 agricolae
1200 2012 1269 2054 mox
1304 1992 1404 2055 vitae,

371 2109 515 2192 urbanae,
546 2110 685 2194 quamvis
715 2109 864 2195 speciosae
890 2107 1080 2172 incommoda
1103 2109 1237 2194 experti,
1264 2109 1332 2173 odio
1356 2110 1388 2174 in
1481 2106 1484 2112 ’

370 2229 470 2294 hostes
505 2229 651 2315 paulatim
686 2227 859 2307 deminuto,
894 2227 1083 2304 uehementer
1117 2229 1260 2292 rusticam
1292 2203 1386 2293 vitani

368 2348 565 2414 desiderarint
591 2357 621 2412 et
645 2359 776 2413 oratores
799 2369 901 2412 omnes
923 2347 1056 2422 fallacias
1080 2347 1252 2411 adhibuisse
1276 2347 1389 2412 debue-

369 2470 447 2549 rint,
479 2477 514 2533 nt
542 2491 606 2533 eam
632 2468 744 2531 civium
766 2474 880 2553 partem
903 2467 1093 2554 impellerent
1115 2469 1153 2532 ad
1175 2491 1278 2553 pacem
1302 2468 1387 2533 abro-

369 2587 508 2672 gandum.
555 2567 694 2667 Quorum
720 2585 883 2652 dummodo
906 2585 999 2649 fracte
1029 2593 1109 2649 esset
1136 2573 1317 2664 auctoritas,
1342 2587 1385 2650 nil

369 2707 482 2792 gratius
512 2707 574 2770 fore
602 2705 717 2770 civibus
744 2704 885 2790 intelligit
916 2711 1023 2790 poeta,
1056 2727 1143 2791 quam
1184 2705 1233 2768 illa
1258 2705 1387 2770 Hermae

371 2825 461 2890 verba
486 2825 569 2913 (Pac.
596 2827 687 2910 550):

1011 2939 1018 2972 Ι

444 2983 480 3047 θθι
508 2989 558 3048 νῦν
589 2981 696 3047 άνειοιε
725 2984 794 3054 τοὺς
817 2984 972 3063 γεωργοὺς
996 2984 1121 3050 άπιέναι

444 3107 482 3178 ὡς
509 3103 643 3184 τάχιστ’
670 3102 743 3168 duee
773 3104 909 3184 δορατίου
938 3104 991 3167 καὶ
1021 3103 1130 3184 ξίφους
1154 3105 1325 3170 κάκοντθοο.

415 3261 504 3327 Exosi
547 3260 685 3325 militiam
725 3260 881 3326 laetissimi
921 3262 955 3325 in
995 3283 1065 3325 suos
1099 3284 1186 3348 agros
1229 3262 1386 3344 redibunt,

370 3403 423 3468 per
453 3387 499 3444 tot
538 3402 631 3445 annos
667 3386 799 3445 vastatos
822 3381 1024 3465 incultusque.
1075 3381 1215 3447 Artifices
1239 3405 1388 3447 armorum
1487 3377 1489 3381 ’

372 3501 549 3586 (λοφοποιθς
577 3500 630 3564 ’καὶ
661 3499 839 3585 ξιφουργὸς)
866 3500 997 3585 aliique,
1026 3502 1078 3584 qui
1102 3507 1260 3588 quaestum
1278 3501 1386 3567 ¹ebello

322 3643 323 3655 ¹
371 3621 497 3700 faciant,
532 3641 607 3706 pace
636 3621 734 3700 facta,
750 3705 752 3710 Ι
767 3643 838 3707 prae
869 3620 972 3684 dolore
1002 3619 1060 3683 sibi
1089 3619 1212 3704 capillos
1241 3619 1385 3705 evellant,

372 3741 631 3821 ὃδρεπανουργὸς
662 3746 764 3804 contra
795 3762 863 3826 prae
892 3738 1003 3826 gaudio
1033 3737 1208 3818 exsultabit,
1231 3739 1256 3802 si
1284 3738 1386 3804 videat
1469 3797 1472 3803 .
1500 3717 1502 3738 ³

371 3861 473 3925 lutura
494 3859 572 3924 Pace
594 3858 692 3924 denno
715 3880 785 3923 suos
807 3881 840 3923 se
862 3858 1055 3925 venditurum
1076 3857 1204 3943 ligones.
1294 3889 1296 3892 ·

414 3979 536 4044 Praeter
558 3977 650 4058 mala,
674 3999 751 4062 quae
773 3978 919 4066 populum
942 3979 975 4043 in
998 3977 1071 4042 urbe
1090 3977 1254 4056 vexabant,
1279 3979 1390 4043 extrin·
1450 3971 1453 3976 ’

372 4121 457 4164 εοεαε
481 4119 600 4184 quoque
622 4097 797 4164 imminebat
819 4098 996 4184 periculum.
1041 4097 1121 4161 Nam
1144 4099 1234 4178 socii,
1260 4120 1389 4183 quorum
