3374 5232
845 356 884 414 96

356 568 555 652 (βουλόμενος
594 571 624 631 ἑο
656 561 676 646 ᾦ
705 569 829 640 ἀπαθὴς
865 563 898 642 ἦν
927 569 979 633 καὶ
1012 569 1130 645 ἠξιοῦτο
1164 571 1373 636 διασώσασθαι

353 689 407 760 τὴν
430 688 581 768 εὐτυχίαν
606 688 658 750 καὶ
683 687 713 760 ἔς
739 712 773 751 τε
798 689 832 752 πὸ
858 689 973 753 αὐτίκα
998 688 1094 753 ποιων
1119 692 1298 756 πεπαῦσθαι
1320 693 1371 756 καὶ

354 808 446 878 αὐτὸς
471 809 541 878 τοὺς
564 807 696 879 πολίτας
722 815 842 872 παῦσαι
867 807 952 895 cett.)

399 927 543 1013 Sperabat
564 928 686 1014 iusuper
705 934 795 1013 poeta
814 949 919 1014 pacem
937 927 1081 994 Graeciae
1099 928 1284 993 reddituram
1304 952 1373 993 con-

355 1046 505 1125 cordiam,
541 1069 599 1133 qua
634 1069 807 1128 communes
842 1048 943 1112 hostes
981 1053 1104 1132 possent
1137 1047 1308 1133 propulsare
1344 1057 1374 1111 et

355 1167 468 1252 patriae
503 1169 671 1232 communis
706 1169 807 1252 quieta
841 1167 984 1232 felicitate
1017 1167 1086 1232 frui.
1123 1167 1225 1246 Quare
1255 1189 1290 1230 er
1315 1168 1374 1234 imo

356 1293 474 1371 pectore
497 1293 633 1372 precatur
655 1287 809 1372 Trugaens
833 1285 915 1370 (Pac.
941 1311 969 1368 v,⁸
994 1290 1089 1372 996):

606 1467 695 1544 αῑξον
720 1467 745 1530 δ’
769 1469 854 1545 ἡμᾶς
877 1469 946 1537 τοὺς
969 1466 1129 1541 Ἕλληνας

604 1589 700 1652 ποὲλιι
727 1587 761 1664 ἐξ
785 1589 885 1668 ἀρχῆς

498 1786 500 1791 .
602 1691 714 1788 Φιλιόις
738 1708 827 1788 χυλῷ
852 1708 903 1772 καὶ
930 1711 1101 1788 σογγοώριρ

600 1830 658 1891 rial
682 1828 835 1910 πρᾳοτέρᾳ
858 1826 984 1908 κέρασον
1006 1827 1056 1891 σοι
1081 1833 1157 1892 νοῦν.

402 2010 468 2073 Iam
496 2032 531 2074 eo
557 2009 689 2094 delapsae
714 2015 798 2073 erant
820 2007 965 2073 Graeciae
988 2009 1142 2087 civitates,
1167 2015 1203 2072 ut
1225 2009 1376 2088 hostium,

360 2137 462 2193 contra
492 2150 567 2214 quos
598 2127 723 2193 maiores
754 2127 923 2204 coniunctis
950 2127 1066 2191 viribus
1089 2127 1218 2212 patriam
1241 2127 1379 2192 defende-

359 2253 442 2327 rant,
473 2247 623 2311 auxilium
648 2246 823 2311 invocarent
846 2253 951 2310 contra
976 2246 1146 2331 populares.
1166 2245 1273 2310 'Tanto
1301 2247 1378 2312 malo

359 2367 422 2430 sola
453 2389 511 2452 pax
534 2374 564 2430 et
592 2367 750 2430 eoncordia
773 2366 873 2430 sede'm
898 2387 1088 2430 communem
1111 2374 1234 2450 possent
1255 2365 1377 2431 liberare

359 2485 439 2571 Ergo
467 2486 696 2570 Aristophanes,
721 2491 808 2570 turpe
831 2485 906 2569 quid
932 2507 995 2548 esse
1017 2492 1143 2569 patena,
1168 2483 1250 2568 quod
1273 2507 1378 2570 regum

359 2613 549 2671 externorum
583 2605 695 2669 auxilia
731 2604 888 2668 Graeciam
919 2603 1197 2682 introducerentur,
1238 2613 1272 2666 ut
1309 2625 1378 2668 cum

359 2723 481 2788 Graecis
515 2733 700 2808 pugnarent,
729 2724 761 2786 in
792 2722 910 2802 fabula,
943 2745 1020 2806 quae
1052 2721 1300 2800 „cananense”
1334 2730 1380 2788 est

359 2845 517 2929 inscripta,
540 2842 593 2907 ubi
615 2850 650 2905 ut
672 2843 733 2906 iam
756 2841 902 2920 viilimuS,
927 2842 1043 2906 assidue
1062 2841 1149 2905 Pacis
1177 2841 1379 2906 cauillandos

344 2974 396 3026 'ex
418 2962 565 3026 industria
589 2961 703 3046 legatos
726 2961 892 3045 exagitasse
914 2961 990 3024 mihi
1014 2961 1150 3037 videtur,
1174 2960 1244 3045 qui,
1271 2984 1378 3050 merce·

361 3083 429 3146 dem
452 3086 571 3145 tanturn
594 3081 802 3165 respicientes,
826 3103 912 3166 saepe
939 3081 982 3144 nil
1005 3088 1143 3166 agerent,
1168 3103 1255 3166 saepe
1278 3081 1379 3145 mitte·

360 3206 463 3265 rentur
486 3200 524 3264 ad
547 3221 581 3264 ea
603 3200 790 3285 impetranda
812 3221 890 3282 qnae
912 3199 1056 3266 Graeciae
1076 3201 1195 3266 nonnisi
1212 3199 1379 3288 perniciosa

361 3320 468 3384 forent.

406 3437 596 3523 Dicaeopolis
630 3438 741 3517 iratus,
778 3438 858 3523 quod
892 3440 1090 3506 Athenienses
1124 3441 1238 3526 legatos
1272 3441 1381 3506 malint
1465 3437 1468 3448 '

362 3557 465 3622 audire
487 3579 577 3641 quam
600 3557 637 3622 de
659 3579 732 3642 pace
760 3579 863 3643 agere,
886 3558 962 3623 dicit
990 3561 1076 3644 (vers.
1102 3561 1174 3644 62):

662 3737 803 3819 ἄχθομαι
828 3741 883 3818 'pal
908 3739 1059 3820 πρέσβεσι

529 3860 667 3930 καὶτοῖς
691 3861 788 3924 σαῶσι
813 3868 876 3930 σοῖς
899 3861 928 3923 π’
952 3861 1213 3955 ἀλαζονεύμασιν.

408 4039 543 4104 Duarum
579 4025 659 4104 enim
689 4041 897 4106 drachmarum
931 4042 1094 4107 mercedem
1131 4042 1301 4128 accipiunt3
1339 4040 1381 4104 nil
