3374 5232
845 423 886 483 94

355 633 523 698 lubidinem
563 633 783 698 stimulandam.
824 611 973 716 ‘Denique
1013 633 1098 696 nulla
1131 634 1243 697 diserta
1277 635 1373 697 oratio

355 753 431 816 milri
462 753 561 838 aptior
591 753 709 816 videtur
735 752 773 816 ad
800 751 982 816 desiderium
1013 751 1157 836 pristinae
1186 751 1374 816 condicionis
1479 811 1484 815 .

354 871 564 950 excitandum,
588 893 680 956 quarn
702 870 755 934 ills
776 870 877 955 lepida
897 877 929 933 et
950 871 1083 936 incunda
1106 871 1191 956 pacis
1210 871 1373 956 descriptio

358 1012 375 1052 a
397 988 534 1074 Tragoeo
557 990 687 1054 habitae.

401 1107 499 1172 Urbes
529 1109 606 1173 male
634 1115 758 1174 vexatae
780 1117 914 1194 tempore
941 1107 1014 1172 belli
1040 1131 1121 1174 nunc
1144 1109 1372 1190 reconciliatae,

355 1228 434 1291 inter
456 1250 488 1292 se
519 1228 670 1293 socialiter
702 1229 949 1307 confabulantur,
980 1238 1014 1293 ut
1040 1236 1128 1293 antea
1157 1230 1310 1309 solebant,
1344 1237 1375 1294 et

356 1348 491 1433 gaudent
517 1371 589 1434 pace
613 1351 656 1432 (v.
681 1353 775 1434 539)ι

644 1530 716 1608 πρὸς
744 1529 891 1602 ἀλλήλας
920 1533 1069 1594 λαλοῦσιν
1097 1529 1129 1590 αἱ
1156 1526 1262 1599 πόλεις

533 1649 760 1726 διαλλαγεῖσαι
786 1649 839 1712 καὶ
862 1653 996 1726 γελῶσιν
1025 1649 1161 1725 ἄσμεναι

535 1771 587 1834 καὶ
613 1775 718 1836 ταῦτα
747 1771 907 1847 δαιμονίως
931 1770 1171 1845 ὑπωπιασμέναι

403 1953 507 2030 Artes,
531 1973 608 2035 quae
627 1951 660 2014 in
677 1949 755 2014 Pace
773 1951 877 2015 florere
887 1951 985 2014 solent
1001 1956 1031 2014 et
1044 1952 1141 2036 magis
1153 1949 1265 2014 civium
1277 1949 1370 2014 saluti

358 2070 511 2134 consulere
545 2091 635 2154 quarn
664 2070 733 2134 illae
756 2071 868 2155 quibus
890 2070 1003 2134 bellum
1026 2069 1165 2154 prodest,
1191 2070 1266 2134 latae
1292 2069 1375 2154 pacis

361 2188 492 2254 reditum
516 2188 622 2254 vident
645 2192 685 2275 (v.
711 2191 805 2274 548lz

532 2370 546 2433 i
571 2370 601 2434 δὲ
622 2367 845 2450 δρεπανουργὸς
873 2373 933 2450 οὐχ
958 2373 1028 2453 δρᾷς
1054 2372 1091 2440 ὡς
1117 2368 1222 2444 ἥδεται

527 2491 579 2553 καὶ
608 2490 660 2554 πδν
685 2489 803 2570 δορυξὸν
833 2485 891 2553 οἷον
922 2489 1145 2567 loutariorum

401 2668 491 2750 Quod
523 2669 585 2733 ianr
614 2669 667 2734 diu
690 2669 852 2754 cupiebant
875 2670 978 2746 licebit
1000 2671 1140 2756 agricolis
1167 2693 1238 2736 cum
1263 2672 1374 2736 instru-
1478 2661 1482 2672 ’

357 2788 467 2852 mentis
505 2788 568 2852 suis
607 2787 703 2853 redire
742 2789 774 2851 in
817 2811 921 2874 agros,
957 2791 1083 2856 abiectis
1116 2791 1271 2876 parmula,
1307 2813 1377 2856 ense

358 2916 515 2993 ceteroque
545 2907 670 2971 militari
698 2914 843 2993 apparatu
872 2915 902 2972 et
930 2908 1059 2994 quisque
1088 2910 1185 2974 bonus
1209 2909 1373 2995 gaudebit,

359 3051 421 3112 qno
444 3028 494 3092 die
515 3052 575 3115 pax
598 3029 701 3093 urbem
723 3029 880 3094 intraverit
904 3031 946 3114 (v.
972 3034 1066 3112 556):

383 3203 403 3272 ὦ
428 3210 547 3283 ποθεινὴ
576 3217 639 3281 σοῖς
664 3209 863 3281 acuatacuat
887 3219 1033 3292 γεωργοῖς
1058 3211 1158 3292 ἡμέρα

382 3327 515 3407 οδσμενοξ
546 3330 575 3393 σ’
603 3329 669 3394 ἰδὼν
698 3337 873 3409 προσειπεῖν
897 3330 1054 3409 βούλομαι
1084 3331 1142 3402 σας
1167 3329 1341 3407 οὶροπέλονς.

383 3449 442 3523 τοὶς
468 3475 503 3516 πε
526 3454 644 3524 aanor,
672 3448 710 3522 alr
735 3451 805 3528 ε’γιδ’
826 3451 961 3530 Φύπεοον
985 3451 1022 3515 ὢν
1048 3453 1187 3532 νεώτερος

383 3569 589 3636 οἰσποὶσασθαι
619 3571 710 3648 θυμὸς
736 3573 808 3648 ἡμῖν
839 3573 904 3635 ε’σπι
929 3573 1090 3652 πολλοστῷ
1117 3571 1226 3652 χρόνῳ.

406 3752 602 3820 lastinianus
622 3751 680 3815 erit
698 3751 821 3816 diescit
839 3751 948 3816 chorus
967 3773 1026 3836 quo
1042 3751 1107 3816 Pax
1128 3773 1185 3816 nos
1208 3751 1382 3817 liberaverit

361 3872 460 3937 cristis
488 3877 519 3936 ot
549 3869 743 3956 Gorgonibus
772 3872 861 3955 (561)
889 3877 921 3934 et
950 3892 1005 3934 nos
1037 3871 1117 3959 agris
1146 3871 1261 3937 nostris
1284 3869 1382 3936 reddi·

361 3991 449 4056 derit.
485 3990 620 4057 Alternis
654 3989 752 4054 verbis
781 3989 934 4078 Tragaeus
971 3997 1002 4056 et
1035 3993 1144 4057 chorus
1179 3992 1223 4056 ita
1255 3989 1381 4056 laudant

362 4112 456 4175 vitam
482 4109 641 4190 rusticam,
672 4116 708 4174 ut
738 4110 802 4174 llari
825 4132 887 4174 non
909 4117 1010 4197 possin
1033 4112 1109 4196 quin
1132 4133 1241 4198 magna
1263 4111 1379 4196 priscae
