3374 5232
832 423 871 481 26

341 637 482 724 praebeat
527 637 714 702 occasionem
762 635 827 698 cius
876 635 1121 720 pessumdandae.
1185 637 1366 721 Saepissime

298 774 305 790 ⁸
341 764 430 843 poeta
449 756 559 843 populo
578 755 685 820 obiicit
696 755 731 818 τὸ
751 753 904 837 χάσκεννξ,
925 754 991 839 (cfr.
1005 753 1096 840 Vesp,
1111 757 1170 835 35,
1192 754 1365 840 Eq.1263,

341 876 394 941 ubi
429 875 629 941 Athenienses
656 873 859 962 appellantur,
883 883 1113 953 χννννπνλῖτνν
1138 882 1169 940 01
1191 876 1281 957 urbs,
1305 882 1364 940 τῶν

342 997 522 1077 Κεχηναίων
550 995 653 1080 πόλις)
686 995 784 1081 quod,
817 993 892 1080 quid
919 991 1085 1080 significet,
1121 1016 1181 1059 non
1210 1018 1286 1081 opus
1318 1003 1365 1061 est

340 1116 508 1204 explicare,
538 1115 654 1201 opinor.
700 1113 859 1180 Desiderat
888 1113 956 1177 illos
987 1115 1099 1178 otiosos
1127 1115 1364 1199 (ἀπράγμονας)

341 1237 394 1320 qui
423 1243 493 1302 aute
521 1234 646 1300 Periclis
660 1225 661 1228 ¹
676 1240 819 1311 aetatem,
856 1251 952 1318 quum
982 1233 1118 1298 nondum
1149 1236 1250 1302 omnia
1281 1237 1365 1302 frena

340 1357 499 1422 abiecisset
544 1353 742 1434 democratia,
778 1375 829 1417 res
864 1352 1043 1418 domesticas·
1096 1355 1173 1418 solas
1220 1363 1364 1441 agerent,

339 1476 556 1562 rempublicam
600 1473 785 1538 nobiliorum
827 1472 958 1537 virorum
1000 1480 1031 1536 et
1074 1473 1252 1558 peritiorum
1294 1476 1365 1541 fidei

339 1595 502 1660 crederent.
557 1592 655 1674 Quem
686 1615 784 1658 rerum
819 1599 931 1656 statum
965 1614 1067 1655 omnes
1102 1593 1263 1678 optimates
1291 1593 1365 1658 mihi

341 1714 426 1779 valde
444 1720 563 1800 optasse
583 1713 736 1778 videntur.
777 1707 843 1776 Iam
861 1710 991 1776 Pericles
1010 1720 1128 1791 contra,
1150 1713 1255 1800 populi
1274 1736 1365 1800 regno

340 1835 461 1913 favens,
483 1834 619 1921 postulat
642 1839 678 1897 ut
700 1832 838 1918 quisquis
862 1831 938 1896 ciris
963 1830 1052 1896 rebus
1082 1833 1213 1919 publicis
1242 1833 1365 1898 intersit

324 1929 470 2017 otiosum
493 1953 631 2017 inutilem
656 1950 862 2038 (crateuas
888 1953 1027 2037 ἀχρεῖον)
1060 1974 1123 2016 esse
1150 1950 1309 2037 perhibens
1332 1953 1364 2018 in

340 2071 549 2164 sacratione,
581 2093 670 2155 qnam
697 2094 750 2158 pro
781 2069 860 2135 bello
885 2065 1000 2136 habuit.
1048 2069 1140 2151 Quod
1162 2073 1275 2158 optime
1297 2073 1365 2157 qui-

341 2191 408 2256 dem
431 2191 537 2272 cessit,
567 2191 638 2308 dpm
661 2193 726 2279 ipse
747 2191 892 2278 populum
920 2191 1007 2275 quasi
1033 2191 1126 2256 irenis
1149 2191 1287 2278 regebat3
1312 2192 1364 2256 sed

340 2305 442 2374 statim
461 2316 531 2396 post
555 2309 620 2375 eius
645 2317 770 2375 mortem
794 2313 826 2374 in
852 2310 962 2375 malam
986 2305 1063 2376 abiit
1084 2316 1210 2396 partem.

384 2423 495 2495 Omnia
528 2427 602 2494 facit
636 2437 741 2516 poeta,
777 2436 812 2494 ut
845 2430 975 2516 populus
1010 2430 1074 2516 ipse
1109 2429 1236 2510 sentiat,
1272 2454 1363 2517 quarn

339 2549 469 2636 turpiter
503 2543 688 2634 decipiatur,
713 2572 834 2636 sperans
858 2550 979 2636 opinor,
1003 2554 1038 2614 ut
1062 2547 1197 2614 taedium
1220 2537 1364 2617 excitaret

339 2669 491 2754 speciosae
527 2670 684 2734 servitutis
714 2675 746 2733 et
774 2669 919 2756 populum
952 2667 990 2734 ad
1022 2667 1176 2734 meliorem
1210 2671 1364 2736 reduceret
1466 2684 1469 2690 '

338 2787 467 2873 frugem.
513 2789 718 2869 Quamobrem
736 2787 883 2873 Equitum
899 2777 1028 2867 chorus,
1053 2789 1096 2852 sie
1117 2788 1283 2874 alloquitur
1304 2791 1363 2856 De-

339 2929 420 2972 mum
444 2906 513 2994 (loq.
538 2931 613 2974 vers.
640 2893 754 2995 lllll:
780 2905 991 2988 pPraeclarum
1008 2914 1101 2972 tuum'
1117 2915 1163 2973 est
1184 2909 1362 2996 imperium,

339 3050 430 3112 quare
461 3051 563 3093 omnes
593 3034 622 3092 te
653 3035 687 3092 ut
717 3033 878 3114 tyrannum
915 3028 1034 3108 colunt,
1067 3049 1171 3093 verum
1204 3053 1305 3097 cereus
1333 3053 1364 3096 es

338 3146 419 3211 flecti
444 3148 475 3211 in
500 3147 620 3212 vitium.
1359 3133 1362 3140 ¹

764 3250 990 3346 εὐπαράγωγος
1016 3264 1046 3331 εἶ

610 3385 817 3464 θωπευόμενός
841 3412 875 3452 τε
902 3388 965 3477 xci
981 3420 1021 3444 =

606 3531 664 3585 ρενς
691 3505 960 3585 κάξαπατώμενος

608 3627 679 3706 πρὸς
703 3627 754 3691 τόν
777 3653 813 3691 τε
835 3627 959 3705 λέγοντ’
973 3632 1021 3694 ἀεὶ

607 3747 746 3827 κέχηνας
770 3749 783 3812 ὃ
807 3752 872 3820 ννῦς
893 3749 924 3812 δὲ
948 3774 1001 3813 σου

609 3851 711 3945 accde
736 3869 902 3946 ἀποδημεῖ.

384 3985 503 4066 Quibus
534 3986 711 4050 conferenda
746 3994 818 4051 sunt
847 4011 896 4067 ea,
934 4010 1009 4074 quae
1037 3989 1144 4054 Nicias
1173 3992 1295 4073 scribit,
1326 3994 1363 4058 de

341 4103 452 4167 civium
482 4103 603 4168 levitate
635 4103 741 4188 (Thuo.
772 4106 847 4185 VII,
878 4109 947 4192 11);
981 4109 1034 4172 aa>
1065 4108 1136 4189 ἅμα
1163 4114 1221 4184 τὰς
1248 4114 1360 4194 φύσεις
