3374 5232
798 448 836 506 61

309 662 379 725 tisse
408 667 437 722 et
471 660 682 723 commercium
712 659 750 723 ab
778 658 1014 722 Atheniensibus
1044 639 1231 742 prohibitum
1266 680 1330 723 esse

309 778 470 843 verisimile
489 784 545 842 est.
591 778 701 842 Statim
717 776 814 862 igitur
833 777 1034 862 sycophantae
1053 777 1239 841 occasionem
1258 778 1330 840 arri-

308 906 440 983 puerunt
466 903 502 961 nt
530 896 767 983 Megariensium
796 917 909 960 meroes
938 895 1099 960 deferendo
1128 894 1247 960 lucrum
1271 894 1333 959 sibi

309 1022 495 1101 quaererent.
542 1015 644 1096 Quum
671 1023 773 1082 antem
800 1022 903 1102 postea
925 1013 1041 1080 Pericle
1066 1023 1187 1080 anctore
1209 1015 1333 1104 publico

310 1135 433 1200 consilio
474 1135 615 1201 omnibus
651 1135 882 1200 Atheniensium
924 1134 1072 1221 portubus
1111 1140 1182 1200 sunt
1210 1136 1333 1201 coerciti
1361 1227 1364 1233 Ι

310 1263 394 1320 tanta
430 1255 595 1320 ulciscendi
631 1255 779 1341 cupiditas
810 1254 1000 1341 Megarenses
1030 1253 1157 1334 invasit,
1188 1261 1223 1318 ut
1246 1255 1333 1320 auxi·

308 1375 386 1462 lium
415 1375 718 1441 Lacedaemoniorum
749 1374 919 1438 invocarint
962 1377 1066 1438 contra
1104 1374 1333 1440 Atheniensium

313 1493 448 1559 iniurias.

358 1613 579 1699 sycophantas,
607 1587 687 1678 illam
710 1611 890 1699 reipublicae
913 1619 1047 1699 pestem,
1077 1613 1133 1678 hae
1158 1635 1280 1698 quoque
1301 1614 1333 1680 io

313 1755 361 1813 re,
385 1733 498 1797 malum
521 1733 639 1796 auxisse
659 1738 742 1796 extra
765 1733 996 1797 controversiam
1014 1739 1060 1796 est
1076 1733 1210 1819 positum
1230 1740 1261 1799 et
1277 1739 1335 1800 tea·

313 1857 394 1918 tatur
416 1853 466 1917 ille
490 1853 692 1939 Megarensis,
717 1852 768 1937 qui
792 1852 826 1916 in
850 1852 981 1917 Acharn.
1004 1873 1077 1938 pace
1106 1852 1185 1917 facta
1210 1852 1335 1919 Dicaeo-

313 1972 376 2058 poli
406 1995 474 2038 suas
496 1973 675 2038 venditurus
698 1993 826 2051 merces,
858 1970 1007 2037 eiusmodi
1030 1970 1152 2036 homine
1173 1972 1335 2058 appropin-

315 2098 426 2176 quante
448 2099 534 2156 metu
557 2092 709 2179 perculsus
731 2091 878 2156 exclamat
901 2093 942 2176 (v.
967 2093 1059 2175 821):

687 2273 773 2338 τοῦτ’
797 2273 886 2338 ἐκεῖν’
909 2269 966 2337 ἵκει
991 2271 1088 2336 πάλιν

496 2391 623 2473 disseres
641 2394 731 2474 ἀρχὰ
754 2399 813 2457 τῶν
837 2395 938 2457 κακῶν
962 2391 1040 2471 ἁμῖν
1065 2392 1136 2473 ἔφυ.

352 2573 441 2670 1Ετςο
472 2597 509 2639 ex
540 2574 595 2655 iis,
624 2597 701 2660 quae
730 2576 763 2639 in
786 2575 1014 2640 Achemenibus
1038 2583 1201 2641 occurrunt
1228 2574 1339 2640 indes

198 2767 201 2776 ⁴
306 2696 407 2758 'versu
433 2695 516 2774 495,
546 2694 649 2781 colligi
677 2700 778 2780 potest
804 2701 910 2780 poetae
936 2695 1115 2760 sententiam
1142 2697 1248 2777 fuisse,
1281 2697 1339 2761 hoe

318 2813 420 2878 odium
467 2814 688 2900 Megarensium
735 2815 988 2900 sycophantarum
1034 2815 1156 2880 indiciis
1201 2822 1339 2896 auctum,

319 2931 370 2996 sed
390 2932 615 2997 acerbissimum
634 2933 748 2997 factum
770 2941 838 3019 post
860 2932 1076 3019 populiscitum
1100 2957 1161 3021 quo
1192 2957 1209 2999 a
1238 2941 1337 3021 portu·

318 3049 373 3115 bus
396 3056 468 3116 sunt
488 3051 653 3138 prohibiti,
680 3074 819 3138 magnam
842 3053 935 3118 fuisse
957 3052 1027 3118 belli
1049 3075 1180 3120 causam.
1215 3052 1340 3138 Deque

319 3169 462 3256 opinione
484 3170 641 3236 videamus
664 3194 702 3235 an
726 3193 795 3236 cum
817 3171 961 3236 historiae
983 3171 1043 3238 lide
1066 3179 1222 3260 congruat.

364 3290 455 3376 Apud
478 3289 685 3376 Thucydidem
704 3290 835 3377 legimus
849 3290 929 3375 (Lib.
942 3290 974 3372 Ι,
997 3293 1073 3376 110)
1085 3291 1342 3358 Lacedaemonios

320 3431 389 3474 cum
417 3410 655 3476 Atheniensibus
684 3410 793 3476 nullas·
806 3410 972 3475 exercuisse
995 3411 1189 3494 inimicitias,
1212 3413 1281 3494 πρὶν
1306 3413 1340 3487 δή

320 3529 372 3606 γ’ἡ
403 3530 532 3608 durmale
564 3532 623 3594 τῶν
646 3528 813 3605 Ἀθηναίων
836 3534 947 3610 σαφῶς
972 3530 1079 3612 ᾔρετο,
1105 3532 1158 3596 uui
1183 3539 1240 3607 τῆς
1261 3558 1341 3612 συμ-

320 3649 446 3730 μαχίαις
478 3653 578 3715 αὐτῶν
609 3648 758 3726 ἥπτοντο,
784 3649 856 3715 τότε
882 3649 908 3713 δ’
934 3651 1034 3716 οὐκέτι
1058 3652 1238 3734 ἀνασχετὸν
1261 3625 1342 3720 daor-

320 3775 406 3834 οῦντο
433 3771 511 3835 ἀλλ’
523 3770 725 3852 ἐπιχειρητέα
749 3773 765 3846 ἡ
786 3773 901 3852 ἰσχὺς,
926 3771 960 3846 ἤν
980 3772 1147 3846 δύνωνται,
1177 3773 1342 3854 ἀραμένοις

321 3890 408 3956 τόνδε
431 3890 484 3956 τὸν
506 3890 654 3970 πόλεμον.

364 4007 469 4092 Quum
491 4011 572 4077 enim
594 4011 731 4097 potentia
753 4013 984 4079 Atheniensium
1011 4013 1108 4102 magis
1131 4019 1223 4099 atque
1247 4016 1344 4102 magis

321 4138 466 4194 cresceret
495 4131 604 4196 sensim
627 4137 693 4198 orta
715 4139 761 4198 est
782 4131 1088 4200 Iacedaemoniorum
1105 4134 1238 4218 invidia,
1260 4157 1344 4223 prae·
