3374 5232
807 447 846 510 57

322 681 386 724 ram
413 682 483 745 erga
513 659 657 746 populum
687 667 718 724 et
745 681 846 723 euram
875 658 1000 724 iactanti
1029 658 1098 743 (Eq.
1127 659 1235 742 1843).
1286 659 1345 724 Pu·

323 777 409 843 debit
443 779 502 843 iam
536 780 682 866 populum
718 778 904 866 flagitiorum
937 796 968 843 et
998 778 1132 844 insaniae
1156 800 1217 863 qua
1240 783 1345 864 captus

323 920 418 984 nuper
440 900 537 964 multo
552 898 648 986 magis
672 898 792 964 favebat
814 899 943 977 oratori,
968 898 1021 984 qui
1040 898 1178 963 suaderet
1193 897 1228 961 τὸ
1244 921 1345 962 κατα-

324 1019 546 1100 μισθοφορῆσαι
572 1021 592 1083 i.
611 1042 637 1084 e.
662 1018 800 1105 publicos
823 1040 961 1082 nummos
983 1018 1154 1104 impendere
1177 1017 1216 1081 ad
1237 1039 1346 1082 merce·

324 1137 391 1205 dem
414 1137 522 1224 populi
546 1137 716 1225 aagendam
739 1160 829 1222 quam
852 1137 918 1216 ille,
949 1137 1000 1222 qui
1032 1138 1068 1202 de
1095 1136 1224 1202 navibus
1247 1137 1347 1225 longis

326 1260 415 1325 verba
445 1260 572 1338 faceret3
603 1280 706 1323 verum
730 1280 793 1322 non
816 1281 871 1322 sua
897 1257 987 1343 culpa
1017 1257 1048 1321 id
1076 1256 1223 1337 faciebat,
1254 1257 1347 1322 seda

324 1379 497 1466 demagogis
520 1378 710 1443 dementatus
734 1377 805 1462 (llq.
830 1380 947 1462 1356):

456 1559 576 1621 οὶλλόὑ
600 1559 637 1621 σὺ
660 1558 775 1621 τούτων
799 1556 914 1630 αἴτιος,
941 1560 984 1633 μὴ
1008 1559 1172 1639 φροντίσῃς

458 1678 532 1741 ἀλλ’
556 1675 586 1741 οἵ
605 1693 645 1741 σεΙ
664 1679 757 1742 ταῦτ’
772 1677 945 1756 ε’ξκτοέτοιι.

369 1859 520 1925 Lubenter
542 1861 705 1946 pollicetur
727 1860 858 1947 populus
880 1883 911 1924 se
934 1883 995 1925 non
1023 1861 1101 1925 lucri
1125 1883 1176 1947 spe
1199 1869 1229 1926 et
1252 1862 1347 1925 causi-

235 2053 238 2062 ,
324 1979 461 2044 dicorum
495 1980 585 2044 minis
619 1980 786 2067 impulsum
825 1981 1009 2045 innocentes·
1032 2001 1099 2044 reos
1136 1979 1345 2046 damnaturum

325 2100 367 2182 (v.
394 2101 507 2184 laen:

502 2264 554 2328 a’atv
574 2289 621 2336 τις
646 2265 716 2345 εἴτις
739 2267 925 2346 βωμολόχος
949 2268 1123 2347 ξυνήγορος.

502 2389 555 2450 οὐκ
580 2387 663 2450 ἔστιν
687 2389 759 2463 ὑμῖν
783 2396 846 2459 τοῖς
871 2389 1035 2461 δικασταῖς
1060 2387 1188 2467 ἄλφιτα

502 2509 526 2569 εἰ
551 2507 594 2581 μὴ
619 2510 861 2584 καταγνώσεσθε
884 2508 1003 2583 ταύτην
1027 2510 1082 2580 ται
1107 2506 1200 2582 δίκην.

503 2627 581 2707 ἄρας
606 2629 754 2706 μετέωροι
779 2629 809 2698 ἐς
833 2630 867 2692 τὸ
891 2627 1044 2708 βάραθρον
1069 2628 1202 2706 ἐμβαλῶ

505 2750 538 2812 ἐκ
562 2752 615 2812 τοῦ
640 2747 799 2827 λάρυγγος
826 2747 1022 2828 ἐκκρεμάσας
1048 2747 1247 2828 Ὑπέρβολον.

368 2928 456 2992 Iusta
478 2950 592 2992 merces
622 2951 683 2993 non
711 2927 916 3006 mercenariis,
952 2926 1004 2991 sed
1035 2927 1168 2991 classicis
1199 2927 1346 2994 militibus

324 3046 466 3126 solvetur,
499 3047 609 3130 quibus
631 3047 769 3133 inprimis
792 3053 885 3110 staret
907 3045 1139 3111 Atheniensium
1167 3046 1346 3131 imperium;

323 3166 472 3231 exercitus
501 3165 638 3250 pedester
668 3188 788 3250 quoque
818 3166 846 3229 ei
876 3186 963 3229 curae
985 3165 1042 3228 crit
1064 3170 1096 3228 et
1118 3165 1277 3251 diligenter
1299 3189 1346 3231 ca·

324 3284 421 3366 sebit,
455 3309 491 3351 ne
517 3287 564 3350 ati
583 3287 648 3350 fieri
679 3283 794 3349 solebat
816 3284 938 3348 nomina
961 3283 992 3346 in
1024 3284 1167 3368 catalogis
1192 3292 1346 3350 mutentur

325 3406 368 3486 (v.
394 3407 478 3468 1369
503 3405 556 3468 cfr.
580 3405 671 3468 etiam
697 3403 767 3468 Pae.
794 3404 903 3485 1181).

368 3523 525 3586 Postremo
556 3521 706 3587 coercebit
735 3522 891 3586 audaciam
915 3529 946 3585 et
968 3521 1170 3605 arrogantiam
1193 3521 1345 3588 iuniorum

437 3705 497 3767 οὐδ’
522 3703 670 3784 epoptas
694 3703 831 3779 ἀγένειος
857 3703 917 3766 οὐδ’
942 3704 973 3765 ἐν
997 3705 1129 3785 τάγορᾷ.

368 3884 467 3964 Quam
502 3883 583 3967 quod
617 3883 660 3947 nil
694 3884 802 3947 melius
836 3883 983 3969 populum
1013 3883 1109 3948 facere
1131 3904 1235 3967 posse,
1258 3889 1345 3968 putat

324 4009 422 4088 poeta.
468 4001 638 4067 Utilissima
661 4003 718 4067 erit
744 4003 940 4088 reipublicae,
972 4002 998 4066 si
1027 4026 1045 4065 a
1074 4003 1229 4088 republica
1254 4002 1344 4067 absti-

323 4143 393 4186 nere
427 4127 552 4206 cogatur
585 4121 637 4185 illa
671 4122 830 4198 iuventas,
873 4143 950 4204 quae
982 4119 1125 4185 imberbis
1164 4129 1195 4184 et
1230 4122 1344 4186 lasciva
