3374 5232
845 411 904 471 luo

370 631 473 689 contra
501 623 707 703 Chalcidicen,
741 625 794 690 scd
823 625 903 710 agris
933 624 1097 692 devasmm
1124 641 1196 692 mor
1220 621 1334 686 iniecta
1355 642 1387 684 re

367 741 463 808 redire
490 747 613 808 coactus
639 747 703 822 eet,
735 742 810 826 quin
838 742 930 808 οοίοοι
956 763 1018 806 non
1048 741 1145 806 multo
1179 744 1248 825 post
1281 737 1386 804 foedus

367 861 517 948 percussit
528 883 598 926 cum
610 862 772 952 Ifferdicce,
796 861 845 927 cni
857 861 902 926 nil
914 861 1011 946 magis
1022 859 1176 945 placebat,
1196 879 1286 941 quam
1305 858 1385 942 qnod

365 1001 413 1045 ree
436 979 567 1046 Graecae
589 981 789 1054 turbarentur.

411 1093 538 1164 Frustra
560 1097 655 1185 igitur
676 1100 805 1170 honores
827 1105 858 1162 et
880 1119 1019 1163 nummos
1046 1097 1257 1183 impenderant
1290 1097 1385 1162 nehe-

367 1217 486 1282 nienses
501 1224 532 1282 et
547 1240 585 1282 ex
603 1215 668 1304 ipsa
679 1240 711 1286 re
730 1213 843 1282 discere
854 1213 971 1282 licitum
988 1223 1051 1280 erat
1062 1216 1212 1280 auxilium
1224 1238 1242 1279 a
1253 1214 1385 1280 barbaris

367 1332 496 1420 petitum
522 1335 642 1401 nullum
670 1336 773 1400 afferre
800 1336 930 1400 lucrum.
976 1333 1177 1415 Quamobrem
1203 1341 1294 1419 poeta
1319 1355 1384 1398 sua·

257 1511 260 1518 .
366 1449 417 1518 det
450 1449 624 1533 drachmas,
663 1476 738 1543 quas
771 1455 864 1538 legati
898 1461 929 1518 et
963 1453 1138 1518 mercenarii
1160 1453 1297 1518 auferant
1321 1453 1385 1516 sine

366 1571 481 1651 fructu,
502 1571 604 1658 potius
628 1571 698 1640 dare
722 1573 870 1638 militibus
892 1571 1041 1651 classicis,
1065 1593 1195 1658 quorum
1218 1572 1249 1636 in
1274 1571 1386 1636 virtute

368 1685 439 1755 urbs
468 1711 634 1776 numquam
667 1691 778 1756 frustra
811 1713 893 1776 spem
923 1691 1085 1776 posuisset,
1117 1712 1207 1774 quam
1240 1688 1300 1753 illis
1331 1689 1384 1773 qui

366 1829 477 1892 magno
505 1829 575 1871 cum
605 1803 685 1876 rnalo
714 1807 857 1873 Graeciae
886 1808 1071 1873 extrinsecus
1097 1814 1299 1885 arcessantur‚
1333 1805 1385 1870 ubi

364 1925 498 2005 Theoro,
522 1927 677 1992 nuntianti
702 1926 792 2009 (noh.
819 1928 922 2009 159.):

482 2075 599 2146 τούτοις
627 2073 680 2142 ἐνέν
703 2099 750 2146 τις
778 2074 828 2138 δύο
853 2073 1002 2154 δραχμὰς
1026 2073 1132 2150 μισθὸν
1156 2074 1240 2154 διδῷ,

483 2193 784 2259 καταπελτάσονται
807 2193 862 2265 τὴν
885 2195 1030 2258 Βοιωτίαν
1054 2187 1142 2269 dnae,

364 2345 525 2432 respondet
549 2343 756 2430 Dicaeopolis:

514 2489 608 2557 τοισδὶ
636 2491 686 2558 δύο
712 2493 861 2571 δραχμὰς
884 2501 949 2563 τοῖς
975 2487 1253 2571 defaecatissimam

515 2611 672 2676 ὑποστένοι
697 2610 813 2688 μέντᾶν
839 2611 851 2673 c‘
878 2609 1016 2690 θρανίτης
1041 2611 1116 2682 λεώς

450 2739 455 2748 ’
516 2731 528 2792 ὁ
553 2731 731 2803 σωσίπολις.

409 2881 482 2944 Non
510 2880 669 2947 minimum
700 2887 762 2944 erat
792 2881 863 2944 belli
885 2880 997 2944 malurn
1020 2880 1090 2944 illae
1113 2880 1282 2948 barbaricae
1306 2884 1384 2946 nati·

365 3019 452 3077 ones,
488 3020 564 3081 quae
587 2998 625 3064 ab
649 3003 775 3084 utraque
799 2998 923 3064 civitate
953 3000 985 3062 in
1016 2995 1176 3064 Graeciam
1209 3001 1384 3080 arcessitae,

365 3116 501 3180 mercede
534 3117 782 3181 conducerentur.
830 3117 876 3182 De
898 3139 959 3202 qua
992 3137 1041 3195 re,
1075 3140 1093 3181 a
1127 3125 1215 3202 poeta
1239 3118 1287 3182 hic
1321 3117 1385 3182 sine

317 3309 319 3312 ,
366 3235 459 3302 dubio
482 3243 582 3316 tacta,
606 3259 711 3322 operae
732 3239 861 3324 pretium
882 3244 927 3301 est
938 3239 1074 3302 conferre
1085 3237 1182 3303 Thus.
1196 3238 1247 3317 ll,
1261 3238 1319 3316 80,
1333 3231 1396 3302 81(

364 3353 517 3433 Chaones,
552 3355 824 3440 (cranemere)
859 3355 1036 3442 Thesproti,
1071 3356 1218 3434 Molossi,
1253 3353 1385 3440 aliaeque

364 3479 470 3560 gentes
500 3472 644 3553 incultae,
673 3475 710 3540 ab
734 3475 807 3562 ipsis
830 3467 953 3538 Graecis
976 3475 1009 3539 in
1032 3475 1192 3540 Graeciam
1213 3475 1384 3539 introduce-

365 3590 474 3655 bantur
504 3590 614 3675 quibus
645 3593 768 3658 auxiliis
795 3593 877 3657 inter
908 3615 938 3656 se
967 3601 1151 3679 pugnarent,
1176 3593 1288 3657 malum
1312 3602 1385 3657 tunc

365 3709 508 3796 temporis
541 3710 673 3796 primum
693 3714 820 3777 ortum.
873 3713 985 3776 Censet
1020 3718 1124 3797 poeta,
1160 3718 1296 3775 externas
1331 3711 1384 3803 liae

362 3829 501 3894 nationes
536 3828 665 3894 incultas
700 3837 730 3895 et
760 3831 944 3909 barbaricas,
980 3831 1059 3899 unde
1093 3830 1137 3893 nil
1172 3830 1232 3893 uisi
1269 3830 1384 3894 malum
1418 3817 1421 3824 ¹

361 3947 594 4034 exspectandum
629 3949 734 4035 procul
764 3971 827 4014 esse
858 3949 1009 4014 habendas
1037 3971 1055 4012 a
1083 3947 1221 4011 Graecia.
1272 3945 1384 4012 Nonne

361 4067 519 4132 Persarum
548 4067 613 4154 regi
642 4067 884 4151 acceptissimum
916 4041 978 4132 erat
1007 4067 1189 4131 Graecarum
1213 4065 1383 4130 civitatium
