3374 5232
804 381 964 478 ao'

362 625 411 691 Ob
439 649 527 714 agros
550 625 663 690 deletos
685 624 878 690 vehementer
901 624 972 690 irati
994 646 1011 688 a
1034 624 1151 691 Pericle
1172 625 1338 712 postulare·

318 751 403 825 rant,
426 750 462 810 ut
484 745 585 833 copias
607 743 640 808 in
660 742 761 808 hostes
783 741 924 808 educeret
946 741 995 826 (ὥς
1022 745 1122 808 αὐτῶν
1144 745 1161 819 ἦ
1181 750 1224 821 γῆ
1245 744 1337 823 ἐτέμ-

318 866 409 950 νετο).
454 865 519 946 Qui
541 885 637 951 quum
655 872 818 944 recusaret,
842 861 946 928 statim
966 885 1021 950 pro
1041 863 1176 930 omnium
1194 863 1339 932 mulorum

317 1007 407 1051 causa
428 989 475 1051 est
495 983 628 1052 habitus.

360 1103 400 1170 Id
426 1108 528 1170 autem
550 1101 671 1183 odium,
694 1100 784 1166 initio
807 1099 878 1166 belii
902 1106 1018 1182 ortum,
1040 1101 1153 1169 crebris
1176 1103 1339 1170 invasioni-

316 1223 371 1288 bus
401 1221 499 1309 magis
529 1227 652 1286 auctum
682 1241 773 1304 quam
804 1219 975 1286 extinctum
1009 1220 1103 1286 icisse
1131 1222 1199 1288 luce
1233 1221 1341 1292 clarius

315 1350 376 1423 est,
412 1364 482 1407 cum
512 1341 636 1427 insuper
664 1338 878 1405 accenderetur
907 1339 945 1405 ab
976 1339 1033 1421 iis,
1061 1341 1120 1427 -qui
1141 1341 1255 1408 bellum
1281 1341 1341 1408 sibi

315 1439 406 1528 utile¹
422 1460 562 1548 protrahi
598 1457 713 1546 optime
740 1457 862 1525 vellent.
908 1458 1012 1539 Quum
1039 1459 1133 1546 igitur
1155 1482 1172 1526 e
1194 1460 1339 1544 factione,

315 1602 393 1667 quae
415 1601 520 1668 pacem
542 1576 684 1666 cupiebat
706 1577 758 1644 uix
777 1577 890 1662 aliquis
906 1601 962 1666 pro
984 1579 1229 1646 Lacedaemoniis
1251 1578 1342 1646 verba

314 1700 412 1766 facere
435 1699 558 1766 auderet
581 1704 735 1780 metuens',
759 1719 798 1762 ne
824 1697 1026 1785 suspicionem
1048 1699 1222 1765 Laconismi
1248 1699 1281 1764 in
1309 1721 1341 1764 se

315 1819 506 1886 contraheret
535 1824 624 1906 poeta
658 1817 805 1884 sustinuit
836 1817 1003 1905 producere
1035 1818 1066 1883 in
1101 1841 1221 1886 scenam
1253 1817 1341 1884 illum

313 1938 522 2027 Dicaeopolim
559 1939 657 2004 civem
690 1921 833 2026 probum,
871 1938 920 2003 nti
953 1943 1060 2025 poetae
1088 1937 1242 2027 placebat,
1269 1960 1342 2005 sana

313 2065 415 2126 mente
443 2064 475 2124 et
504 2058 587 2146 pacis
612 2079 714 2123 amore
743 2057 823 2122 inter
854 2064 986 2138 ceteros,
1016 2056 1070 2143 qui
1102 2057 1263 2123 militarem
1294 2078 1341 2123 os·

313 2178 512 2251 tentationem
544 2185 576 2244 at
597 2199 706 2263 magna
719 2173 819 2242 'ruba
845 2176 948 2264 inepte
972 2175 1214 2260 admirabantur,
1244 2177 1342 2244 excel·

314 2295 436 2365 lentem.

357 2416 415 2482 Est
437 2439 518 2482 unus
539 2438 575 2482 ex
598 2417 653 2498 iis,
678 2416 733 2502 qui
755 2422 790 2481 ut
812 2415 968 2503 Trugaeus
987 2422 1018 2482 et
1040 2416 1227 2504 Strepsiades
1249 2441 1338 2506 prop·

313 2542 360 2603 ter
382 2535 494 2603 bellum
517 2536 549 2601 in
571 2535 647 2602 urbe
675 2534 802 2617 inclusi,
833 2534 867 2600 in
895 2535 1016 2602 demum
1044 2558 1133 2602 suum
1160 2537 1258 2604 redire
1286 2560 1338 2604 cu·

314 2656 419 2742 piant,
449 2654 487 2720 dc
513 2653 625 2740 quibus
659 2653 740 2742 apud
765 2653 974 2740 Thucydidem
1007 2654 1154 2742 legimus:
1183 2655 1343 2738 xcaecdc‘

315 2773 347 2839 δὲ
369 2776 474 2846 αὐτοῖς
493 2773 543 2840 διὰ
565 2774 600 2839 τὸ
619 2773 668 2838 ἀεὶ
692 2773 824 2839 εἰωθέναι
844 2773 915 2846 τοὺς
940 2775 1074 2847 πολλοὺς
1097 2776 1128 2840 ἕν
1144 2785 1208 2850 τοῖς
1229 2778 1342 2860 ἀγροῖς

314 2895 491 2960 διαιτᾶσθαι
532 2896 549 2971 ἡ
578 2894 754 2967 ἀνάστασις
795 2893 929 2971 ἐγένετο.
982 2895 1060 2981 (Ob.
1098 2894 1144 2963 H.
1176 2899 1238 2979 14,
1274 2900 1314 2965 17
1327 2948 1338 2980 ,

315 3014 449 3082 Acheru.
472 3015 538 3102 ⁷2).

357 3133 448 3200 Vitae
474 3154 671 3200 aerumnosae
693 3134 795 3201 taedio
818 3140 943 3221 captus,
968 3133 1142 3215 stridens,
1165 3156 1243 3220 quae
1260 3135 1340 3202 mala

313 3274 415 3319 secum
461 3252 537 3319 ferat
579 3251 691 3320 milam
703 3303 712 3336 ,
758 3252 898 3338 queritur
942 3252 980 3318 de
1025 3252 1141 3319 civium
1191 3253 1339 3342 socordia,

314 3372 359 3457 (v.
386 3375 447 3454 21,
470 3375 537 3459 aa).
1333 3355 1336 3360 '

711 3494 736 3558 οἱ
756 3494 826 3559 aa
849 3494 952 3575 ἀγορᾷ
971 3497 1105 3559 λαλοῦσι

510 3614 610 3695 εἰρήνη
635 3609 753 3686 δ’ὅπως
776 3611 866 3678 ἔσται
887 3612 1161 3694 προτιμῶσόὒδέν.
1332 3683 1337 3704 .

359 3731 429 3820 Ipse
456 3731 495 3797 ad
521 3737 643 3820 tempus
672 3732 704 3798 in
731 3733 874 3798 concione
905 3732 1007 3810 adest,
1039 3742 1077 3798 nt
1106 3732 1260 3822 obstrepat
1281 3705 1341 3841 illisr

315 3851 499 3933 oratoribus,
532 3854 585 3939 qui
615 3875 720 3939 pacem
751 3852 954 3920 dissuadeant.
1000 3852 1039 3918 In
1072 3875 1161 3920 scena
1191 3854 1342 3939 habentur

315 3971 455 4048 comitia,
487 3993 565 4057 quae
599 3992 782 4057 quamquam
812 3971 926 4038 comice
955 3973 1044 4053 ficta,
1072 3995 1133 4039 non
1163 3974 1254 4062 longe
1280 3975 1341 4081 dis-‚¹

316 4113 437 4178 crepare
459 4090 538 4156 mihi
558 4090 702 4158 videntur
723 4090 761 4157 ab
783 4090 837 4172 iis,
861 4113 938 4176 quae
961 4097 1036 4158 tunc
1058 4092 1165 4160 fierent
1188 4092 1243 4160 ubi
1263 4089 1341 4162 mul-²
