3374 5232
851 387 890 451 78

362 607 431 670 dum
461 605 549 670 fibros
572 614 642 670 ante
665 606 770 671 oculos
793 605 934 684 habenti,
958 606 1052 672 ullum
1077 627 1140 672 esee
1163 607 1258 672 maius
1286 607 1378 694 impe·

361 725 547 804 alimentum,
572 748 661 811 quam
691 732 788 789 vatem
811 725 1023 810 superstitione
1046 726 1189 810 captum?

404 845 542 920 Bellum,
587 844 769 931 quibusdam
812 844 1030 920 utilissimum,
1078 845 1136 930 ipsi
1177 845 1291 931 populo
1332 855 1378 912 est

361 964 615 1029 molestissimum.
662 964 729 1028 Iam
757 963 888 1027 vidimus
916 964 1030 1050 plebem
1062 987 1098 1028 ex
1127 966 1206 1050 agris
1234 966 1377 1029 suadente

360 1084 473 1148 Pericle
506 1085 538 1147 iu
570 1083 643 1148 urbe
675 1083 826 1148 inclusum
862 1083 982 1148 auxisse
1020 1084 1258 1165 multitudinem,
1301 1106 1377 1168 quae

360 1203 505 1289 optimam
531 1202 685 1288 praeberet
711 1202 968 1288 opportunitatem
996 1203 1170 1290 demagugiu
1195 1204 1377 1288 exsequendi

360 1344 414 1386 cna
449 1321 581 1386 consilia.
634 1321 705 1385 Nisi
740 1344 798 1406 pax
832 1322 931 1400 ficret,
967 1321 999 1386 in
1030 1323 1103 1388 urbe
1133 1330 1298 1390 remaneret
1324 1322 1376 1391 ubi

359 1441 571 1508 molestissima
604 1447 682 1505 esset
715 1439 802 1504 bunia
837 1441 965 1506 civibus.
1025 1442 1105 1527 Ergo
1142 1443 1175 1510 iu
1211 1441 1287 1510 Pace
1316 1442 1378 1506 ecla

270 1616 275 1624 .
358 1568 449 1648 pocta
476 1568 506 1624 et
535 1582 638 1625 omnes
668 1560 781 1623 nimiae
806 1559 903 1646 plebis
926 1560 1065 1626 licentiae
1098 1562 1257 1626 adversarii
1294 1582 1377 1646 spem

357 1681 517 1768 ponebant.

385 1800 506 1866 ‘Vitam
540 1799 686 1864 urbanam
724 1821 786 1864 non
820 1801 951 1864 multum
986 1799 1135 1885 placuisse
1168 1803 1223 1881 iis,
1258 1803 1312 1887 qui
1346 1803 1378 1868 in

357 1919 436 2006 agria
464 1920 564 1984 virere
596 1918 734 1983 solebant
763 1925 897 1996 conatat3
934 1892 1107 2004 praesertim
1138 1920 1220 2004 quod
1249 1923 1283 1995 in
1306 1921 1378 1993 urbe

356 2039 527 2104 tristissima
560 2044 715 2110 uterentur
750 2039 943 2118 condicione,
978 2062 1069 2124 quom
1096 2040 1239 2108 describit
1261 2041 1378 2126 Thucy·
1456 2039 1458 2044 ’

356 2158 441 2223 didos
472 2158 536 2242 (Il,
572 2162 609 2222 16
620 2209 630 2238 ,
656 2159 727 2241 17),
761 2164 792 2222 et
821 2158 927 2222 obiicit
951 2161 1147 2243 Agoracritus
1171 2159 1241 2226 belli
1264 2163 1378 2236 suasori

356 2277 462 2344 Cleoni
486 2277 556 2361 (uq.
581 2275 674 2360 taut:

358 2519 410 2582 καί
440 2522 503 2588 πῶς
540 2518 578 2580 οὺ
615 2521 741 2597 Φιλεῖς,
778 2519 807 2588 ὃς
840 2522 946 2582 τοῦτον
980 2517 1050 2598 ίρῶι
1085 2519 1213 2588 οἰκοῦντ’
1246 2520 1277 2586 ἐρ
1305 2527 1375 2592 ταῖς

1181 2627 1398 2710 πιίοίιαιιιοιιι
1429 2643 1432 2652 “

358 2760 411 2821 καί
446 2759 609 2838 γυπαρίοις
637 2760 688 2824 καί
725 2758 892 2840 πυργιδίοις
922 2756 989 2830 ἔπος
1016 2757 1121 2835 tytcou
1146 2759 1199 2826 οὐκ
1229 2758 1376 2838 ἐλεαίρεις

356 2879 445 2943 ἄλλα
470 2879 633 2959 καθείρξας
662 2881 755 2944 αὐτὸν
780 2880 935 2958 βλίττεις.

401 3119 470 3200 Quo
493 3139 590 3192 reruru
614 3125 697 3184 statu
720 3141 792 3184 usus
815 3125 904 3203 poeta
927 3118 1027 3183 omnia
1039 3118 1114 3182 mihi
1126 3119 1224 3182 lacere
1237 3119 1374 3198 videtur,

355 3244 389 3301 ut
412 3242 521 3323 augeat
543 3235 724 3302 desiderium
748 3259 887 3322 agrorum
909 3243 940 3301 ct
962 3237 1094 3301 taedium
1113 3236 1194 3302 belli.
1230 3237 1280 3302 Sic
1300 3261 1376 3324 quos

354 3357 387 3422 in
423 3378 541 3421 scenam
581 3356 723 3442 producit
752 3357 945 3442 Dicaeopolis
975 3357 1143 3442 liugaeue,
1173 3355 1375 3443 Strepsiades‚
1446 3371 1449 3376 ’
1476 3441 1477 3446 ¹

355 3499 457 3541 omnes
474 3499 568 3562 aeque
593 3476 802 3544 condicionem
823 3499 909 3542 enum
930 3476 1092 3544 faetidiunt
1116 3476 1212 3561 (Nub.
1237 3478 1285 3560 tt):

502 3716 628 3780 οίπίλοιο
654 3717 720 3788 δῆτ’
744 3713 764 3779 ὦ
791 3713 931 3792 adanae,
956 3720 1079 3782 πολλῶν
1105 3714 1223 3784 cicccc.

401 3953 451 4018 Sic
472 3952 625 4040 trygaeue
647 3955 758 4041 probris
780 3956 873 4033 civis,
891 3960 924 4022 οὐ
949 3955 1147 4039 συκοφάντας
1163 3957 1229 4028 οὐδὲ
1244 3957 1375 4037 ἐραστὴς

358 4073 572 4155 mappulum,
604 4098 676 4138 sana
706 4081 805 4140 mente
843 4076 998 4161 praeditus
1029 4086 1059 4146 et
1096 4078 1171 4147 bena
1209 4078 1377 4164 percipiens
1427 4103 1431 4110 ·
