<?xml version="1.0" encoding="UTF-8"?>
<!DOCTYPE html PUBLIC "-//W3C//DTD XHTML 1.0 Transitional//EN"
    "http://www.w3.org/TR/xhtml1/DTD/xhtml1-transitional.dtd">
<html xmlns="http://www.w3.org/1999/xhtml" xml:lang="en" lang="en">
 <head>
  <title>
</title>
<meta http-equiv="Content-Type" content="text/html;charset=utf-8" />
  <meta name='ocr-system' content='tesseract 3.04.00' />
  <meta name='ocr-capabilities' content='ocr_page ocr_carea ocr_par ocr_line ocrx_word'/>
</head>
<body>
  <div class='ocr_page' id='page_1' title='image "./inaristophanisd00frangoog_0096.png"; bbox 0 0 3374 5232; ppageno 0'>
   <div class='ocr_carea' id='block_1_1' title="bbox 794 464 835 524">
    <p class='ocr_par' dir='ltr' id='par_1_1' title="bbox 794 464 835 524">
     <span class='ocr_line' id='line_1_1' title="bbox 794 464 835 524; baseline 0.073 -3"><span class='ocrx_word' id='word_1_1' title='bbox 794 464 835 524; x_wconf 81' lang='lat'>83</span> 
     </span>
    </p>
   </div>
   <div class='ocr_carea' id='block_1_2' title="bbox 305 673 1399 1235">
    <p class='ocr_par' dir='ltr' id='par_1_2' title="bbox 305 673 1399 1235">
     <span class='ocr_line' id='line_1_2' title="bbox 305 673 1321 758; baseline 0.001 -25"><span class='ocrx_word' id='word_1_2' title='bbox 305 679 401 750; x_wconf 78' lang='lat' dir='ltr'>stant3</span> <span class='ocrx_word' id='word_1_3' title='bbox 430 694 584 737; x_wconf 82' lang='lat' dir='ltr'>aerumnas</span> <span class='ocrx_word' id='word_1_4' title='bbox 612 685 641 737; x_wconf 87' lang='lat' dir='ltr'>et</span> <span class='ocrx_word' id='word_1_5' title='bbox 669 674 802 737; x_wconf 84' lang='lat' dir='ltr'><strong>miserias</strong></span> <span class='ocrx_word' id='word_1_6' title='bbox 826 673 865 738; x_wconf 90' lang='lat' dir='ltr'>ob</span> <span class='ocrx_word' id='word_1_7' title='bbox 883 674 988 737; x_wconf 87' lang='lat' dir='ltr'>oculos</span> <span class='ocrx_word' id='word_1_8' title='bbox 1006 673 1321 758; x_wconf 89' lang='lat' dir='ltr'>pouitspectatorum,</span> 
     </span>
     <span class='ocr_line' id='line_1_3' title="bbox 305 774 1399 876; baseline -0.002 -23"><span class='ocrx_word' id='word_1_9' title='bbox 305 813 378 874; x_wconf 87' lang='lat' dir='ltr'>quas</span> <span class='ocrx_word' id='word_1_10' title='bbox 410 791 566 876; x_wconf 82' lang='lat' dir='ltr'>pleraeque</span> <span class='ocrx_word' id='word_1_11' title='bbox 599 791 741 856; x_wconf 83' lang='lat' dir='ltr'>Graeciae</span> <span class='ocrx_word' id='word_1_12' title='bbox 779 792 932 872; x_wconf 76' lang='lat' dir='ltr'>civitatee,</span> <span class='ocrx_word' id='word_1_13' title='bbox 969 790 1060 871; x_wconf 92' lang='lat' dir='ltr'>socii,</span> <span class='ocrx_word' id='word_1_14' title='bbox 1097 789 1149 854; x_wconf 84' lang='lat' dir='ltr'>sed</span> <span class='ocrx_word' id='word_1_15' title='bbox 1182 788 1320 875; x_wconf 86' lang='lat' dir='ltr'>inprimis</span> <span class='ocrx_word' id='word_1_16' title='bbox 1397 774 1399 782; x_wconf 47' lang='lat'><strong>¹</strong></span> 
     </span>
     <span class='ocr_line' id='line_1_4' title="bbox 305 906 1321 996; baseline -0.001 -24"><span class='ocrx_word' id='word_1_17' title='bbox 305 909 433 994; x_wconf 88' lang='lat' dir='ltr'>populus</span> <span class='ocrx_word' id='word_1_18' title='bbox 450 910 480 973; x_wconf 92' lang='lat' dir='ltr'>iu</span> <span class='ocrx_word' id='word_1_19' title='bbox 501 911 573 974; x_wconf 92' lang='lat' dir='ltr'>urbe</span> <span class='ocrx_word' id='word_1_20' title='bbox 590 918 758 996; x_wconf 90' lang='lat' dir='ltr'>pateretur;</span> <span class='ocrx_word' id='word_1_21' title='bbox 782 917 931 996; x_wconf 86' lang='lat' dir='ltr'>postremo</span> <span class='ocrx_word' id='word_1_22' title='bbox 952 915 1067 989; x_wconf 88' lang='lat' dir='ltr'>mouet,</span> <span class='ocrx_word' id='word_1_23' title='bbox 1085 914 1211 973; x_wconf 84' lang='lat' dir='ltr'>careant</span> <span class='ocrx_word' id='word_1_24' title='bbox 1226 906 1321 972; x_wconf 87' lang='lat' dir='ltr'>Athe·</span> 
     </span>
     <span class='ocr_line' id='line_1_5' title="bbox 305 1027 1322 1120; baseline -0.001 -28"><span class='ocrx_word' id='word_1_25' title='bbox 305 1030 435 1109; x_wconf 82' lang='lat' dir='ltr'>aienses,</span> <span class='ocrx_word' id='word_1_26' title='bbox 459 1053 498 1094; x_wconf 91' lang='lat' dir='ltr'>ne</span> <span class='ocrx_word' id='word_1_27' title='bbox 523 1031 683 1115; x_wconf 91' lang='lat' dir='ltr'>imperium</span> <span class='ocrx_word' id='word_1_28' title='bbox 705 1032 738 1094; x_wconf 93' lang='lat' dir='ltr'>iu</span> <span class='ocrx_word' id='word_1_29' title='bbox 761 1030 920 1095; x_wconf 85' lang='lat' dir='ltr'>discrimen</span> <span class='ocrx_word' id='word_1_30' title='bbox 945 1031 1062 1110; x_wconf 86' lang='lat' dir='ltr'>veniat,</span> <span class='ocrx_word' id='word_1_31' title='bbox 1088 1050 1184 1120; x_wconf 88' lang='lat' dir='ltr'>quum</span> <span class='ocrx_word' id='word_1_32' title='bbox 1212 1027 1322 1092; x_wconf 89' lang='lat' dir='ltr'>bellum</span> 
     </span>
     <span class='ocr_line' id='line_1_6' title="bbox 305 1148 1141 1235; baseline 0.004 -24"><span class='ocrx_word' id='word_1_33' title='bbox 305 1149 447 1234; x_wconf 86' lang='lat' dir='ltr'>optimam</span> <span class='ocrx_word' id='word_1_34' title='bbox 472 1149 631 1214; x_wconf 89' lang='lat' dir='ltr'>deficiendi</span> <span class='ocrx_word' id='word_1_35' title='bbox 653 1150 839 1214; x_wconf 85' lang='lat' dir='ltr'>occasionem</span> <span class='ocrx_word' id='word_1_36' title='bbox 863 1150 1017 1235; x_wconf 86' lang='lat' dir='ltr'>praeberet</span> <span class='ocrx_word' id='word_1_37' title='bbox 1041 1148 1141 1214; x_wconf 89' lang='lat' dir='ltr'>sociis.</span> 
     </span>
    </p>
   </div>
   <div class='ocr_carea' id='block_1_3' title="bbox 348 1263 1324 1354">
    <p class='ocr_par' dir='ltr' id='par_1_3' title="bbox 348 1263 1324 1354">
     <span class='ocr_line' id='line_1_7' title="bbox 348 1263 1324 1354; baseline -0.003 -23"><span class='ocrx_word' id='word_1_38' title='bbox 348 1267 434 1346; x_wconf 77' lang='lat' dir='ltr'>Quae</span> <span class='ocrx_word' id='word_1_39' title='bbox 464 1267 565 1332; x_wconf 91' lang='lat' dir='ltr'>omnia</span> <span class='ocrx_word' id='word_1_40' title='bbox 593 1291 656 1332; x_wconf 91' lang='lat' dir='ltr'>non</span> <span class='ocrx_word' id='word_1_41' title='bbox 678 1269 791 1348; x_wconf 88' lang='lat' dir='ltr'>solum,</span> <span class='ocrx_word' id='word_1_42' title='bbox 814 1269 937 1354; x_wconf 88' lang='lat' dir='ltr'>opinor,</span> <span class='ocrx_word' id='word_1_43' title='bbox 961 1268 1000 1333; x_wconf 90' lang='lat' dir='ltr'>ad</span> <span class='ocrx_word' id='word_1_44' title='bbox 1023 1267 1118 1332; x_wconf 90' lang='lat' dir='ltr'>risum</span> <span class='ocrx_word' id='word_1_45' title='bbox 1143 1263 1324 1331; x_wconf 88' lang='lat' dir='ltr'>movendum</span> 
     </span>
    </p>
   </div>
   <div class='ocr_carea' id='block_1_4' title="bbox 304 1385 1327 2310">
    <p class='ocr_par' dir='ltr' id='par_1_4' title="bbox 304 1385 1327 2310">
     <span class='ocr_line' id='line_1_8' title="bbox 305 1385 1325 1474; baseline -0.001 -25"><span class='ocrx_word' id='word_1_46' title='bbox 305 1386 334 1450; x_wconf 96' lang='lat' dir='ltr'>in</span> <span class='ocrx_word' id='word_1_47' title='bbox 366 1407 455 1450; x_wconf 88' lang='lat' dir='ltr'>scena</span> <span class='ocrx_word' id='word_1_48' title='bbox 484 1387 619 1451; x_wconf 74' lang='lat' dir='ltr'>traduxit</span> <span class='ocrx_word' id='word_1_49' title='bbox 641 1387 692 1451; x_wconf 88' lang='lat' dir='ltr'>sed</span> <span class='ocrx_word' id='word_1_50' title='bbox 715 1410 750 1451; x_wconf 91' lang='lat' dir='ltr'>eo</span> <span class='ocrx_word' id='word_1_51' title='bbox 772 1388 873 1474; x_wconf 90' lang='lat' dir='ltr'>potius</span> <span class='ocrx_word' id='word_1_52' title='bbox 897 1387 1043 1468; x_wconf 84' lang='lat' dir='ltr'>consilia,</span> <span class='ocrx_word' id='word_1_53' title='bbox 1068 1393 1104 1452; x_wconf 87' lang='lat' dir='ltr'>ut</span> <span class='ocrx_word' id='word_1_54' title='bbox 1126 1385 1208 1472; x_wconf 89' lang='lat' dir='ltr'>apud</span> <span class='ocrx_word' id='word_1_55' title='bbox 1230 1406 1325 1472; x_wconf 89' lang='lat' dir='ltr'>popu·</span> 
     </span>
     <span class='ocr_line' id='line_1_9' title="bbox 304 1505 1323 1592; baseline 0.002 -24"><span class='ocrx_word' id='word_1_56' title='bbox 304 1505 385 1586; x_wconf 93' lang='lat' dir='ltr'>lum,</span> <span class='ocrx_word' id='word_1_57' title='bbox 419 1528 509 1590; x_wconf 85' lang='lat' dir='ltr'>quam</span> <span class='ocrx_word' id='word_1_58' title='bbox 543 1507 673 1572; x_wconf 82' lang='lat' dir='ltr'>maxime</span> <span class='ocrx_word' id='word_1_59' title='bbox 696 1515 811 1592; x_wconf 85' lang='lat' dir='ltr'>posset,</span> <span class='ocrx_word' id='word_1_60' title='bbox 835 1508 969 1573; x_wconf 88' lang='lat' dir='ltr'>taedium</span> <span class='ocrx_word' id='word_1_61' title='bbox 993 1512 1126 1571; x_wconf 81' lang='lat' dir='ltr'>moveret</span> <span class='ocrx_word' id='word_1_62' title='bbox 1151 1505 1239 1587; x_wconf 85' lang='lat' dir='ltr'>beili,</span> <span class='ocrx_word' id='word_1_63' title='bbox 1262 1527 1323 1589; x_wconf 92' lang='lat' dir='ltr'>quo</span> 
     </span>
     <span class='ocr_line' id='line_1_10' title="bbox 305 1622 1323 1714; baseline 0.002 -28"><span class='ocrx_word' id='word_1_64' title='bbox 305 1634 370 1689; x_wconf 89' lang='lat' dir='ltr'>orto</span> <span class='ocrx_word' id='word_1_65' title='bbox 403 1625 542 1711; x_wconf 87' lang='lat' dir='ltr'>inprimis</span> <span class='ocrx_word' id='word_1_66' title='bbox 576 1626 674 1711; x_wconf 89' lang='lat' dir='ltr'>plebis</span> <span class='ocrx_word' id='word_1_67' title='bbox 708 1627 831 1691; x_wconf 88' lang='lat' dir='ltr'>licentia</span> <span class='ocrx_word' id='word_1_68' title='bbox 864 1627 961 1692; x_wconf 91' lang='lat' dir='ltr'>bonos</span> <span class='ocrx_word' id='word_1_69' title='bbox 991 1628 1070 1692; x_wconf 88' lang='lat' dir='ltr'>cives</span> <span class='ocrx_word' id='word_1_70' title='bbox 1101 1632 1264 1714; x_wconf 91' lang='lat' dir='ltr'>premeret,</span> <span class='ocrx_word' id='word_1_71' title='bbox 1292 1622 1323 1688; x_wconf 94' lang='lat' dir='ltr'>id</span> 
     </span>
     <span class='ocr_line' id='line_1_11' title="bbox 306 1742 1326 1827; baseline -0.002 -18"><span class='ocrx_word' id='word_1_72' title='bbox 306 1765 363 1827; x_wconf 89' lang='lat' dir='ltr'>que</span> <span class='ocrx_word' id='word_1_73' title='bbox 385 1742 497 1808; x_wconf 86' lang='lat' dir='ltr'>maiore</span> <span class='ocrx_word' id='word_1_74' title='bbox 520 1766 588 1809; x_wconf 91' lang='lat' dir='ltr'>cum</span> <span class='ocrx_word' id='word_1_75' title='bbox 611 1745 760 1810; x_wconf 86' lang='lat' dir='ltr'>industria</span> <span class='ocrx_word' id='word_1_76' title='bbox 782 1747 815 1810; x_wconf 93' lang='lat' dir='ltr'>in</span> <span class='ocrx_word' id='word_1_77' title='bbox 834 1746 953 1826; x_wconf 85' lang='lat' dir='ltr'>fabula,</span> <span class='ocrx_word' id='word_1_78' title='bbox 979 1746 1030 1810; x_wconf 89' lang='lat' dir='ltr'>eui</span> <span class='ocrx_word' id='word_1_79' title='bbox 1051 1746 1116 1811; x_wconf 87' lang='lat' dir='ltr'>Pax</span> <span class='ocrx_word' id='word_1_80' title='bbox 1135 1744 1326 1824; x_wconf 83' lang='lat' dir='ltr'>inscribitur,</span> 
     </span>
     <span class='ocr_line' id='line_1_12' title="bbox 306 1865 1327 1952; baseline 0.002 -27"><span class='ocrx_word' id='word_1_81' title='bbox 306 1884 340 1926; x_wconf 92' lang='lat' dir='ltr'>eo</span> <span class='ocrx_word' id='word_1_82' title='bbox 367 1865 511 1949; x_wconf 89' lang='lat' dir='ltr'>temporis</span> <span class='ocrx_word' id='word_1_83' title='bbox 540 1870 708 1945; x_wconf 90' lang='lat' dir='ltr'>momento,</span> <span class='ocrx_word' id='word_1_84' title='bbox 737 1887 805 1928; x_wconf 88' lang='lat' dir='ltr'>cum</span> <span class='ocrx_word' id='word_1_85' title='bbox 832 1866 979 1952; x_wconf 86' lang='lat' dir='ltr'>populus,</span> <span class='ocrx_word' id='word_1_86' title='bbox 1004 1865 1182 1952; x_wconf 82' lang='lat' dir='ltr'>demagcgis</span> <span class='ocrx_word' id='word_1_87' title='bbox 1205 1869 1327 1928; x_wconf 83' lang='lat' dir='ltr'>strenue</span> 
     </span>
     <span class='ocr_line' id='line_1_13' title="bbox 305 1981 1326 2071; baseline 0.002 -26"><span class='ocrx_word' id='word_1_88' title='bbox 305 1981 401 2046; x_wconf 87' lang='lat' dir='ltr'>adhue</span> <span class='ocrx_word' id='word_1_89' title='bbox 431 2005 534 2068; x_wconf 86' lang='lat' dir='ltr'>pacem</span> <span class='ocrx_word' id='word_1_90' title='bbox 564 1985 823 2065; x_wconf 84' lang='lat' dir='ltr'>dissuadentibus,</span> <span class='ocrx_word' id='word_1_91' title='bbox 856 2008 926 2050; x_wconf 83' lang='lat' dir='ltr'>mox</span> <span class='ocrx_word' id='word_1_92' title='bbox 955 1985 1105 2071; x_wconf 84' lang='lat' dir='ltr'>suffragiis</span> <span class='ocrx_word' id='word_1_93' title='bbox 1137 1983 1326 2063; x_wconf 85' lang='lat' dir='ltr'>decerneret,</span> 
     </span>
     <span class='ocr_line' id='line_1_14' title="bbox 306 2101 1326 2190; baseline 0 -25"><span class='ocrx_word' id='word_1_94' title='bbox 306 2101 413 2166; x_wconf 79' lang='lat' dir='ltr'>balium</span> <span class='ocrx_word' id='word_1_95' title='bbox 432 2103 510 2168; x_wconf 81' lang='lat' dir='ltr'>foret</span> <span class='ocrx_word' id='word_1_96' title='bbox 527 2127 564 2168; x_wconf 86' lang='lat' dir='ltr'>au</span> <span class='ocrx_word' id='word_1_97' title='bbox 583 2127 650 2190; x_wconf 81' lang='lat' dir='ltr'>pax.</span> <span class='ocrx_word' id='word_1_98' title='bbox 676 2104 788 2186; x_wconf 73' lang='lat' dir='ltr'>Quam,</span> <span class='ocrx_word' id='word_1_99' title='bbox 809 2105 919 2189; x_wconf 89' lang='lat' dir='ltr'>quibus</span> <span class='ocrx_word' id='word_1_100' title='bbox 932 2105 1120 2190; x_wconf 82' lang='lat' dir='ltr'>argumentis</span> <span class='ocrx_word' id='word_1_101' title='bbox 1133 2102 1326 2168; x_wconf 82' lang='lat' dir='ltr'>commendet</span> 
     </span>
     <span class='ocr_line' id='line_1_15' title="bbox 306 2225 881 2310; baseline 0.007 -24"><span class='ocrx_word' id='word_1_102' title='bbox 306 2229 407 2307; x_wconf 86' lang='lat' dir='ltr'>pecta,</span> <span class='ocrx_word' id='word_1_103' title='bbox 433 2225 570 2308; x_wconf 89' lang='lat' dir='ltr'>sequenti</span> <span class='ocrx_word' id='word_1_104' title='bbox 595 2225 749 2290; x_wconf 86' lang='lat' dir='ltr'>videamus</span> <span class='ocrx_word' id='word_1_105' title='bbox 773 2229 881 2310; x_wconf 88' lang='lat' dir='ltr'>capite.</span> 
     </span>
    </p>
   </div>
   <div class='ocr_carea' id='block_1_5' title="bbox 0 0 1700 5232">
    <p class='ocr_par' dir='ltr' id='par_1_5' title="bbox 0 0 1700 5232">
     <span class='ocr_line' id='line_1_16' title="bbox 0 0 1700 5232; baseline 0 0"><span class='ocrx_word' id='word_1_106' title='bbox 0 0 1700 5232; x_wconf 95' lang='lat' dir='ltr'> </span> 
     </span>
    </p>
   </div>
  </div>
 </body>
</html>
