3374 5232
852 425 894 484 44

362 653 455 718 prava
484 630 584 696 studia
608 633 802 716 nequissimis
825 633 899 698 viris
919 634 1059 714 obnoxii,
1082 636 1202 702 fortiter
1224 636 1261 702 dc
1284 637 1380 702 salute

361 751 474 836 patriae
498 750 691 816 dimicarunt.

429 960 486 1024 ὑπὸ
510 961 541 1030 δὲ
565 967 623 1024 τῶν
646 961 848 1039 τοξευμάτων
872 965 925 1026 οὐκ
950 958 983 1036 ἦν
1007 965 1080 1029 ἰδεῖν
1102 965 1153 1028 τὸν
1177 967 1298 1046 οὐρανὸν

427 1075 585 1158 ἀλλ’ὅμως
610 1080 795 1159 ἐωσάμεσθα
819 1081 872 1159 ξὺν
897 1083 973 1154 θεοῖς
998 1084 1071 1164 πρὸς
1096 1085 1240 1166 ἑσπέραν.

426 1199 535 1278 γλαῦξ
555 1199 618 1280 γαρ
644 1203 717 1277 ἡμῖν
737 1202 806 1281 πρὶν
829 1201 992 1282 μάχεσθαι
1013 1205 1065 1268 τὸν
1087 1207 1218 1285 στρατὸν
1232 1206 1380 1270 διέπτατο

405 1410 475 1491 Quo
498 1411 613 1475 factum
637 1416 699 1490 est,
723 1417 758 1475 ut
780 1418 854 1476 tunc
877 1415 1022 1500 temporis
1046 1415 1245 1480 Athenienses
1262 1416 1299 1481 ab
1319 1439 1380 1481 om·

360 1530 450 1596 nibus
473 1536 688 1596 metuerentur,

469 1736 531 1822 οἶρα
554 1741 646 1813 δεινὸς
672 1735 706 1813 ἦν
729 1741 792 1805 τόθ’
811 1740 889 1806 ὥστε
913 1742 1021 1807 ταντα
1043 1743 1093 1820 με’,
1108 1743 1271 1808 δεδοικέναι

469 1861 522 1925 καὶ
547 1860 813 1942 κατεστρεψάμην
911 1910 913 1914 ,
945 1883 947 1890 '

468 1981 537 2052 τοὺς
563 1981 735 2058 ἐναντίους,
757 1983 858 2047 πλέον
883 1990 966 2046 κεῖσο
991 1992 1062 2054 ταῖς
1084 1984 1243 2063 τριήρεσιν.

399 2192 508 2257 Multis
524 2193 605 2257 enim
624 2193 750 2259 urbibus
770 2200 800 2258 et
819 2194 929 2259 insulis
953 2165 1066 2280 captis,
1088 2193 1223 2278 undique
1243 2193 1378 2258 Athenas

347 2309 517 2400 'affluebant
546 2310 676 2390 tributa,
710 2311 820 2395 quibus
850 2334 930 2377 nunc
956 2312 1059 2396 inquit
1091 2313 1213 2390 chorus,
1244 2311 1377 2376 iuniores

353 2431 507 2496 fruuntur.
552 2429 634 2494 Nam
654 2438 785 2496 oratores
808 2431 839 2495 vi
859 2431 1048 2515 eloquentiae
1067 2431 1183 2495 fallacis
1200 2437 1376 2516 regnantes,

295 2576 297 2581 ·
352 2548 505 2636 publicam
535 2551 693 2634 pecuniam
722 2556 860 2615 avertunt
890 2557 920 2614 et
948 2549 1025 2614 dona
1048 2550 1202 2636 accipiunt
1229 2573 1246 2613 a
1269 2551 1376 2630 sociis,

354 2671 406 2754 qui
436 2669 557 2734 videant
584 2692 687 2734 revera
713 2675 894 2755 potestatem
919 2691 981 2734 esse
1004 2669 1084 2755 apud
1107 2669 1175 2733 illos
1202 2691 1263 2734 non
1286 2692 1377 2756 penes

352 2789 511 2875 populum.
547 2790 615 2874 (cfr.
650 2790 708 2874 sq.
745 2792 844 2868 1319,
880 2790 952 2854 Pac.
983 2792 1064 2869 639,
1094 2792 1168 2854 644.
1198 2789 1255 2873 eq.
1287 2791 1376 2872 802.)
1433 2865 1434 2870 γ

352 2907 402 2974 Sic
425 2899 600 2974 dissolvitur
627 2909 803 2994 imperium,
842 2909 924 2994 quod
947 2907 1073 2973 Cimone
1103 2908 1231 2994 aliisque
1249 2907 1375 2974 ducibus

352 3029 552 3094 Athenienses
576 3030 678 3117 adepti
702 3036 774 3094 sunt
797 3037 865 3116 post
888 3051 934 3094 res
958 3028 1107 3113 praeclare
1130 3035 1227 3114 gestas
1246 3029 1282 3092 ad
1307 3029 1374 3114 My-

352 3149 435 3213 calen
458 3156 488 3214 et
510 3149 700 3214 Salaminem.
736 3148 820 3229 Quos
841 3150 900 3236 ipsi
927 3151 1088 3215 maximam
1104 3125 1219 3234 partem
1236 3149 1267 3212 in
1284 3148 1373 3212 liber-

350 3274 443 3333 tatem
485 3269 696 3344 vindicarent,
735 3269 810 3357 socii
846 3269 906 3334 iam
943 3269 1107 3333 desciscere
1145 3274 1303 3352 coeperant
1337 3267 1373 3331 ad

349 3386 602 3452 Lacedaemonios
634 3411 704 3474 prae
736 3410 767 3451 se
796 3387 923 3452 ferentes
953 3387 1048 3451 socios
1078 3385 1256 3450 liberaturos
1288 3387 1371 3470 gravi

348 3507 436 3591 iugo,
458 3504 539 3591 quod
550 3504 659 3570 Oleone
671 3514 701 3570 et
714 3507 781 3570 aliis
799 3506 950 3570 eiusmodi
962 3504 1135 3570 auctoribus
1148 3505 1368 3598 imponeretur,

349 3646 444 3708 qaum
474 3624 544 3688 olim
577 3625 704 3689 maiores
735 3631 765 3689 et
793 3625 857 3710 ipse
884 3624 1016 3688 Pericles
1040 3623 1189 3708 sapienter
1211 3628 1242 3685 ct
1263 3622 1372 3694 leniter

347 3750 511 3809 tractarent
533 3745 647 3822 socios,
671 3744 781 3828 quibus
804 3743 941 3829 inprimis
967 3742 1199 3807 Atheniensium
1217 3741 1371 3805 nitebatur

348 3863 515 3948 respublica
538 3871 573 3927 ut
595 3855 761 3928 luculenter
784 3862 912 3948 explicat
936 3862 1092 3949 Diodotus
1115 3861 1165 3925 ille
1183 3862 1214 3924 in
1235 3861 1370 3924 oratione

349 3992 453 4048 contra
485 3983 628 4048 Cleonem
661 3982 764 4046 habita
799 3979 897 4065 (Thac
931 3979 1001 4060 ΙΙΙ,
1034 3981 1090 4057 46,
1120 3983 1160 4044 47
1180 3978 1246 4043 clr.
1279 3979 1369 4043 etiam

348 4101 433 4166 Thur
452 4102 485 4183 I,
510 4079 569 4166 143
594 4101 636 4164 τοὶ
660 4103 718 4164 τῶν
742 4099 940 4180 ξυμμάχων,
967 4095 1030 4163 ὅθεν
1055 4099 1233 4180 ἰσχύομεν).
1256 4098 1303 4162 Ex
1315 4098 1367 4176 iis,
