3374 5232
843 429 882 488 82

361 645 496 730 partibus
518 645 618 710 favere
640 664 693 728 par
715 651 776 720 est,
812 662 882 706 cum
907 641 1035 704 Athenis
1055 641 1259 722 democratia,
1290 609 1398 730 Spar-¹

361 771 410 830 aaa
437 763 584 829 nobilium
612 782 738 847 regnum
769 760 893 845 vigeret.
922 759 1097 824 Cavendum
1121 761 1215 846 igitur
1236 771 1315 842 erat,
1339 787 1378 828 ne

361 883 480 948 occasio
513 883 635 947 daretem
666 879 827 944 deficiendi
856 885 886 943 et
920 899 1035 964 semper
1068 878 1112 942 aie
1146 881 1311 966 agendum,
1344 893 1379 947 ut

362 1001 491 1087 populus
528 998 665 1064 lubenter
698 998 731 1062 in
766 997 823 1062 fide
858 1003 1000 1062 maneret.
1046 995 1139 1078 Quod
1168 1002 1301 1066 sentiens
1327 1003 1379 1066 ille

245 1177 248 1182 .
362 1119 516 1184 Diodotum
546 1125 650 1184 contra
679 1116 800 1182 Cleonis
830 1116 973 1180 duritiem
1005 1118 1111 1182 suadet
1133 1119 1288 1186 lenitatem
1311 1145 1381 1207 erga

364 1239 581 1326 Mytilenaeas,
606 1261 648 1303 -ne
676 1235 747 1301 alibi
770 1258 889 1322 quoque
911 1236 1080 1301 deiectione
1102 1238 1196 1319 facta,
1221 1241 1381 1327 optimates
1506 1325 1511 1334 ι

360 1357 478 1446 piebem
508 1356 652 1422 haberent
684 1355 798 1420 sociam
827 1355 854 1417 ai
885 1354 1000 1419 videret
1031 1378 1062 1419 se
1084 1363 1115 1420 et
1137 1359 1326 1425 innocentem
1351 1375 1380 1426 et·

362 1480 485 1546 noxiam
502 1477 615 1565 pariter
631 1495 744 1561 poenas
767 1474 914 1540 daturam.
938 1475 1022 1554 Quin
1045 1475 1136 1540 etiam
1147 1483 1209 1541 tam
1220 1479 1382 1565 prudenter

365 1598 516 1685 agendum
546 1603 664 1676 censet,
697 1603 730 1660 ut
761 1596 859 1658 dicat:
892 1595 939 1658 δεῖ
969 1595 1003 1667 tt
1028 1597 1079 1658 καὶ
1104 1599 1129 1660 εἰ
1160 1596 1306 1671 ἠδίκησαν
1337 1605 1380 1678 pata

364 1707 615 1798 προσποιεῖσθαι,
649 1713 749 1788 ὅπως,
782 1713 795 1777 ὃ
828 1712 917 1792 μόνον
941 1716 1014 1790 ἡμῖν
1041 1713 1085 1778 ἔτι
1114 1715 1286 1796 ξῦμροαχόν
1315 1721 1381 1784 ἐστι

364 1838 409 1916 μῦ
435 1837 582 1917 πολέμιον
611 1836 751 1914 γένηται.

407 1956 452 2025 Ut
481 1957 542 2022 iam
573 1978 664 2043 supra
694 1978 814 2041 quoque
844 1955 992 2036 vidimus,
1019 1963 1110 2042 poeta
1140 1958 1327 2026 humanitate
1352 1970 1383 2026 et

363 2075 525 2163 prudentia
553 2075 696 2140 inductus
726 2075 850 2140 nimiam
883 2075 1036 2162 improbat
1066 2079 1255 2144 severitatem
1282 2083 1314 2145 in
1337 2105 1384 2146 so·

365 2195 446 2278 cios,
475 2217 544 2262 cum
560 2195 693 2260 Diodoto
715 2195 752 2258 τό
770 2195 927 2275 ξύμφορον
949 2202 1004 2268 τῆς
1028 2195 1145 2266 πόλεως
1163 2197 1195 2262 id
1206 2221 1270 2264 esse
1282 2200 1383 2266 existi·

365 2337 466 2398 mans,
489 2338 595 2381 cavere
617 2338 655 2380 ne
678 2314 768 2379 nimis
790 2311 959 2380 irritaretur
977 2336 1045 2400 pars
1061 2315 1198 2402 imperii,
1220 2327 1383 2402 quoctaret

364 2435 547 2522 respublica,
579 2441 610 2500 et
639 2436 747 2500 acriter
769 2436 905 2522 increpat
931 2458 998 2514 eoa,
1022 2437 1149 2522 quispe
1175 2438 1271 2520 lucri,
1294 2442 1384 2505 sociis
1481 2431 1484 2437 ’

362 2555 555 2621 formidinem
579 2555 718 2620 iniiciant
742 2556 848 2641 (Vesp.
873 2558 966 2640 669):

390 2731 460 2819 κᾷθ’
486 2729 565 2802 οῦτοι
589 2737 645 2814 μὲν
672 2736 880 2815 δωροδοκοῦσιν
899 2739 983 2802 κατα
1007 2741 1199 2814 πεντήκοντα
1215 2740 1363 2808 renarra

390 2855 453 2920 atat
471 2861 530 2920 τῶν
553 2856 690 2930 πόλεων,
718 2859 960 2929 ἐπαπειλοῦντες
985 2861 1104 2924 τοιαυτὶ
1119 2861 1386 2942 κάναφοβοῦντες,

393 2975 505 3040 δώσετε
529 2977 579 3040 τὸν
602 2977 704 3057 Φάρον,
729 2978 746 3050 ἢ
762 2978 934 3056 βροντήσας
945 2981 1000 3053 νῦν
1013 2979 1102 3043 πόλιν
1113 2981 1195 3058 ὑμῶν
1208 2982 1385 3063 ἀνατρέψω,

415 3151 534 3217 Bellum
565 3151 660 3238 igitur
687 3152 727 3218 ob
755 3175 822 3218 eam
857 3177 979 3241 quoqne
1006 3180 1126 3224 causam
1150 3163 1388 3248 componendum

371 3286 435 3330 eaeo
458 3267 572 3343 cenent,
602 3264 688 3347 quod
709 3264 779 3329 inde
801 3266 862 3330 late
882 3267 1017 3355 disperso
1041 3271 1274 3338 Atheniensium
1297 3275 1388 3360 impe·

372 3383 419 3448 rio
448 3382 613 3469 periurium
640 3405 731 3470 grave
761 3385 954 3472 impenderet.
1000 3387 1107 3475 Itaque
1136 3392 1388 3479 Aristhophanes,

373 3510 411 3570 ut
431 3502 549 3583 omnia,
572 3523 650 3588 quae
674 3503 809 3569 debello
836 3505 927 3586 dicit,
951 3508 1054 3593 paucis
1080 3510 1274 3596 complectar,
1297 3491 1408 3599 prava¹

377 3623 610 3708 &magogorum
636 3622 761 3686 consilia
783 3624 893 3717 aperit,
918 3625 972 3709 qui
995 3625 1033 3690 ad
1052 3627 1162 3694 beilum
1177 3629 1389 3712 adhortentur,

374 3764 413 3808 ne
441 3739 652 3806 auotontetem
681 3764 767 3808 auam
798 3743 879 3828 apud
908 3746 1052 3830 poputum
1075 3770 1110 3812 eo
1132 3750 1198 3836 ipso
1221 3752 1388 3838 vigentem,

372 3862 517 3932 amittant
549 3867 581 3926 et
613 3861 698 3948 plebe
727 3863 861 3943 rustica,
897 3885 991 3948 quam
1027 3866 1243 3952 obsequentem
1274 3871 1390 3937 habeut

374 3983 563 4058 auditorem,
587 3980 690 4048 urbem
712 3981 864 4067 relinquat
870 4009 880 4061 ;
896 3983 1031 4072 increpat
1053 3988 1251 4073 arrogantiam
1269 3989 1390 4054 illorum

372 4105 424 4188 qui
449 4101 602 4167 ambitiosi
632 4101 757 4166 iuvenili
784 4102 888 4166 ardore
911 4103 1023 4170 bellum
1047 4107 1202 4193 cupientes
1229 4110 1297 4194 paci
1319 4109 1390 4174 resi-
