<?xml version="1.0" encoding="UTF-8"?>
<!DOCTYPE html PUBLIC "-//W3C//DTD XHTML 1.0 Transitional//EN"
    "http://www.w3.org/TR/xhtml1/DTD/xhtml1-transitional.dtd">
<html xmlns="http://www.w3.org/1999/xhtml" xml:lang="en" lang="en">
 <head>
  <title>
</title>
<meta http-equiv="Content-Type" content="text/html;charset=utf-8" />
  <meta name='ocr-system' content='tesseract 3.04.00' />
  <meta name='ocr-capabilities' content='ocr_page ocr_carea ocr_par ocr_line ocrx_word'/>
</head>
<body>
  <div class='ocr_page' id='page_1' title='image "./inaristophanisd00frangoog_0020.png"; bbox 0 0 3374 5232; ppageno 0'>
   <div class='ocr_carea' id='block_1_1' title="bbox 823 429 840 491">
    <p class='ocr_par' dir='ltr' id='par_1_1' title="bbox 823 429 840 491">
     <span class='ocr_line' id='line_1_1' title="bbox 823 429 840 491; baseline 0 0"><span class='ocrx_word' id='word_1_1' title='bbox 823 429 840 491; x_wconf 78' lang='grc'><strong>7</strong></span> 
     </span>
    </p>
   </div>
   <div class='ocr_carea' id='block_1_2' title="bbox 269 635 1340 1085">
    <p class='ocr_par' dir='ltr' id='par_1_2' title="bbox 269 635 1340 723">
     <span class='ocr_line' id='line_1_2' title="bbox 269 635 1340 723; baseline -0.009 -12"><span class='ocrx_word' id='word_1_2' title='bbox 269 689 273 698; x_wconf 86' lang='lat'>·</span> <span class='ocrx_word' id='word_1_3' title='bbox 320 646 499 711; x_wconf 84' lang='lat' dir='ltr'><strong>auctoritate</strong></span> <span class='ocrx_word' id='word_1_4' title='bbox 531 645 575 709; x_wconf 89' lang='lat' dir='ltr'><strong>ita</strong></span> <span class='ocrx_word' id='word_1_5' title='bbox 607 642 721 708; x_wconf 89' lang='lat' dir='ltr'><strong>abusus</strong></span> <span class='ocrx_word' id='word_1_6' title='bbox 753 648 847 723; x_wconf 84' lang='lat' dir='ltr'><strong>esset,</strong></span> <span class='ocrx_word' id='word_1_7' title='bbox 881 648 916 706; x_wconf 89' lang='lat' dir='ltr'><strong>ut</strong></span> <span class='ocrx_word' id='word_1_8' title='bbox 945 638 1102 704; x_wconf 85' lang='lat' dir='ltr'><strong>Graeciam</strong></span> <span class='ocrx_word' id='word_1_9' title='bbox 1130 635 1164 699; x_wconf 90' lang='lat' dir='ltr'><strong>in</strong></span> <span class='ocrx_word' id='word_1_10' title='bbox 1190 649 1340 718; x_wconf 72' lang='lat' dir='ltr'><strong>magnum</strong></span> 
     </span>
    </p>

    <p class='ocr_par' dir='ltr' id='par_1_3' title="bbox 320 745 1336 968">
     <span class='ocr_line' id='line_1_3' title="bbox 320 745 1282 850; baseline -0.016 -17"><span class='ocrx_word' id='word_1_11' title='bbox 320 765 434 833; x_wconf 86' lang='lat' dir='ltr'><strong>malum</strong></span> <span class='ocrx_word' id='word_1_12' title='bbox 456 759 675 850; x_wconf 86' lang='lat' dir='ltr'><strong>praecipitaret.</strong></span> <span class='ocrx_word' id='word_1_13' title='bbox 1122 845 1123 850; x_wconf 5' lang='grc' dir='ltr'>ἵ</span> <span class='ocrx_word' id='word_1_14' title='bbox 1250 745 1282 752; x_wconf 77' lang='grc'>”</span> 
     </span>
     <span class='ocr_line' id='line_1_4' title="bbox 364 866 1336 968; baseline -0.016 -20"><span class='ocrx_word' id='word_1_15' title='bbox 364 882 478 958; x_wconf 82' lang='lat' dir='ltr'><strong>Pericle</strong></span> <span class='ocrx_word' id='word_1_16' title='bbox 501 887 624 968; x_wconf 24' lang='lat' dir='ltr'><strong>‚mortuo</strong></span> <span class='ocrx_word' id='word_1_17' title='bbox 647 879 750 946; x_wconf 89' lang='lat' dir='ltr'><strong>statim</strong></span> <span class='ocrx_word' id='word_1_18' title='bbox 780 884 914 945; x_wconf 90' lang='lat' dir='ltr'><strong>mutatur</strong></span> <span class='ocrx_word' id='word_1_19' title='bbox 936 875 1120 963; x_wconf 88' lang='lat' dir='ltr'><strong>reipublicae</strong></span> <span class='ocrx_word' id='word_1_20' title='bbox 1142 870 1243 938; x_wconf 82' lang='lat' dir='ltr'><strong>faciea</strong></span> <span class='ocrx_word' id='word_1_21' title='bbox 1287 866 1336 932; x_wconf 92' lang='lat' dir='ltr'><strong>De</strong></span> 
     </span>
    </p>

    <p class='ocr_par' dir='ltr' id='par_1_4' title="bbox 321 969 1337 1085">
     <span class='ocr_line' id='line_1_5' title="bbox 321 969 1337 1085; baseline -0.014 -19"><span class='ocrx_word' id='word_1_22' title='bbox 321 1003 400 1068; x_wconf 85' lang='lat' dir='ltr'><strong>vitae</strong></span> <span class='ocrx_word' id='word_1_23' title='bbox 423 1023 510 1067; x_wconf 84' lang='lat' dir='ltr'><strong>seem</strong></span> <span class='ocrx_word' id='word_1_24' title='bbox 532 1001 594 1066; x_wconf 85' lang='lat' dir='ltr'><strong>exit</strong></span> <span class='ocrx_word' id='word_1_25' title='bbox 615 1001 678 1079; x_wconf 87' lang='lat' dir='ltr'><strong>vir,</strong></span> <span class='ocrx_word' id='word_1_26' title='bbox 702 1000 756 1084; x_wconf 90' lang='lat' dir='ltr'><strong>qui</strong></span> <span class='ocrx_word' id='word_1_27' title='bbox 778 998 883 1085; x_wconf 89' lang='lat' dir='ltr'><strong>populi</strong></span> <span class='ocrx_word' id='word_1_28' title='bbox 905 995 1142 1078; x_wconf 81' lang='lat' dir='ltr'><strong>dominationem</strong></span> <span class='ocrx_word' id='word_1_29' title='bbox 1157 969 1337 1078; x_wconf 53' lang='lat' dir='ltr'><strong>sassonoru-</strong></span> 
     </span>
    </p>
   </div>
   <div class='ocr_carea' id='block_1_3' title="bbox 260 1095 1340 3235">
    <p class='ocr_par' dir='ltr' id='par_1_5' title="bbox 260 1095 1337 1440">
     <span class='ocr_line' id='line_1_6' title="bbox 320 1095 1336 1208; baseline -0.014 -21"><span class='ocrx_word' id='word_1_30' title='bbox 320 1123 409 1188; x_wconf 84' lang='lat' dir='ltr'><strong>ritate</strong></span> <span class='ocrx_word' id='word_1_31' title='bbox 438 1143 554 1208; x_wconf 85' lang='lat' dir='ltr'>semper</span> <span class='ocrx_word' id='word_1_32' title='bbox 583 1125 767 1206; x_wconf 75' lang='lat' dir='ltr'>coercuerat,</span> <span class='ocrx_word' id='word_1_33' title='bbox 801 1141 839 1183; x_wconf 91' lang='lat' dir='ltr'><strong>ue</strong></span> <span class='ocrx_word' id='word_1_34' title='bbox 867 1118 957 1184; x_wconf 84' lang='lat' dir='ltr'><strong>nimis</strong></span> <span class='ocrx_word' id='word_1_35' title='bbox 988 1103 1169 1194; x_wconf 72' lang='lat' dir='ltr'><strong>exsultaret,</strong></span> <span class='ocrx_word' id='word_1_36' title='bbox 1196 1095 1259 1197; x_wconf 45' lang='lat' dir='ltr'><strong>&#39;qui</strong></span> <span class='ocrx_word' id='word_1_37' title='bbox 1291 1108 1336 1174; x_wconf 87' lang='lat' dir='ltr'><strong>ita</strong></span> 
     </span>
     <span class='ocr_line' id='line_1_7' title="bbox 320 1229 1337 1328; baseline -0.01 -24"><span class='ocrx_word' id='word_1_38' title='bbox 320 1240 433 1328; x_wconf 92' lang='lat' dir='ltr'><strong>populo</strong></span> <span class='ocrx_word' id='word_1_39' title='bbox 455 1237 641 1326; x_wconf 79' lang='lat' dir='ltr'><strong>praefuerat,</strong></span> <span class='ocrx_word' id='word_1_40' title='bbox 670 1243 705 1302; x_wconf 88' lang='lat' dir='ltr'><strong>ut</strong></span> <span class='ocrx_word' id='word_1_41' title='bbox 728 1230 958 1323; x_wconf 54' lang='lat' dir='ltr'><strong>othomarsiuur</strong></span> <span class='ocrx_word' id='word_1_42' title='bbox 980 1229 1153 1322; x_wconf 77' lang='lat' dir='ltr'><strong>respublica</strong></span> <span class='ocrx_word' id='word_1_43' title='bbox 1172 1229 1337 1319; x_wconf 79' lang='lat' dir='ltr'><strong>prudenter</strong></span> 
     </span>
     <span class='ocr_line' id='line_1_8' title="bbox 260 1345 1288 1440; baseline -0.005 -15"><span class='ocrx_word' id='word_1_44' title='bbox 260 1397 262 1402; x_wconf 95' lang='lat'>·</span> <span class='ocrx_word' id='word_1_45' title='bbox 319 1358 541 1440; x_wconf 86' lang='lat' dir='ltr'><strong>administrata,</strong></span> <span class='ocrx_word' id='word_1_46' title='bbox 564 1357 693 1424; x_wconf 82' lang='lat' dir='ltr'><strong>maxime</strong></span> <span class='ocrx_word' id='word_1_47' title='bbox 707 1357 865 1424; x_wconf 73' lang='lat' dir='ltr'><strong>floruismt</strong></span> <span class='ocrx_word' id='word_1_48' title='bbox 1133 1349 1135 1356; x_wconf 72' lang='grc'><em>’</em></span> <span class='ocrx_word' id='word_1_49' title='bbox 1285 1345 1288 1352; x_wconf 67' lang='grc'><strong>’</strong></span> 
     </span>
    </p>

    <p class='ocr_par' dir='ltr' id='par_1_6' title="bbox 286 1469 1340 2279">
     <span class='ocr_line' id='line_1_9' title="bbox 362 1469 1337 1564; baseline -0.009 -21"><span class='ocrx_word' id='word_1_50' title='bbox 362 1469 488 1543; x_wconf 74' lang='grc' dir='ltr'>Ιιιιιιάιι</span> <span class='ocrx_word' id='word_1_51' title='bbox 509 1476 600 1542; x_wconf 90' lang='lat' dir='ltr'><strong>initio</strong></span> <span class='ocrx_word' id='word_1_52' title='bbox 622 1475 692 1543; x_wconf 89' lang='lat' dir='ltr'><strong>balli</strong></span> <span class='ocrx_word' id='word_1_53' title='bbox 714 1482 816 1542; x_wconf 87' lang='lat' dir='ltr'><strong>tamen</strong></span> <span class='ocrx_word' id='word_1_54' title='bbox 837 1475 969 1564; x_wconf 81' lang='lat' dir='ltr'><strong>populus</strong></span> <span class='ocrx_word' id='word_1_55' title='bbox 988 1473 1169 1561; x_wconf 83' lang='lat' dir='ltr'><strong>degenerare</strong></span> <span class='ocrx_word' id='word_1_56' title='bbox 1188 1471 1337 1556; x_wconf 71' lang='lat' dir='ltr'><strong>coepelat.</strong></span> 
     </span>
     <span class='ocr_line' id='line_1_10' title="bbox 318 1585 1339 1680; baseline -0.008 -19"><span class='ocrx_word' id='word_1_57' title='bbox 318 1595 414 1662; x_wconf 83' lang='lat' dir='ltr'><strong>Cuius</strong></span> <span class='ocrx_word' id='word_1_58' title='bbox 441 1597 487 1662; x_wconf 89' lang='lat' dir='ltr'><strong>rei</strong></span> <span class='ocrx_word' id='word_1_59' title='bbox 511 1618 577 1662; x_wconf 87' lang='lat' dir='ltr'><strong>nou</strong></span> <span class='ocrx_word' id='word_1_60' title='bbox 605 1596 732 1662; x_wconf 89' lang='lat' dir='ltr'><strong>minime</strong></span> <span class='ocrx_word' id='word_1_61' title='bbox 761 1595 822 1662; x_wconf 79' lang='lat' dir='ltr'><strong>luit</strong></span> <span class='ocrx_word' id='word_1_62' title='bbox 850 1617 941 1662; x_wconf 88' lang='lat' dir='ltr'><strong>causa</strong></span> <span class='ocrx_word' id='word_1_63' title='bbox 969 1593 1023 1660; x_wconf 89' lang='lat' dir='ltr'><strong>illa</strong></span> <span class='ocrx_word' id='word_1_64' title='bbox 1042 1589 1231 1680; x_wconf 76' lang='lat' dir='ltr'><strong>pestilentie,</strong></span> <span class='ocrx_word' id='word_1_65' title='bbox 1261 1585 1339 1674; x_wconf 76' lang='lat' dir='ltr'><strong>quse</strong></span> 
     </span>
     <span class='ocr_line' id='line_1_11' title="bbox 319 1707 1338 1804; baseline -0.007 -24"><span class='ocrx_word' id='word_1_66' title='bbox 319 1715 448 1781; x_wconf 76' lang='lat' dir='ltr'><strong>Athenis</strong></span> <span class='ocrx_word' id='word_1_67' title='bbox 467 1715 602 1781; x_wconf 87' lang='lat' dir='ltr'><strong>saeviens</strong></span> <span class='ocrx_word' id='word_1_68' title='bbox 611 1760 620 1795; x_wconf 88' lang='lat'><strong>,</strong></span> <span class='ocrx_word' id='word_1_69' title='bbox 636 1716 738 1804; x_wconf 89' lang='lat' dir='ltr'><strong>ipsum</strong></span> <span class='ocrx_word' id='word_1_70' title='bbox 755 1714 918 1794; x_wconf 76' lang='lat' dir='ltr'><strong>Periclem,</strong></span> <span class='ocrx_word' id='word_1_71' title='bbox 938 1737 955 1779; x_wconf 90' lang='lat' dir='ltr'><strong>e</strong></span> <span class='ocrx_word' id='word_1_72' title='bbox 973 1713 1039 1779; x_wconf 84' lang='lat' dir='ltr'><strong>vita</strong></span> <span class='ocrx_word' id='word_1_73' title='bbox 1053 1707 1224 1776; x_wconf 78' lang='lat' dir='ltr'><strong>sustulerat.</strong></span> <span class='ocrx_word' id='word_1_74' title='bbox 1246 1707 1338 1790; x_wconf 77' lang='lat' dir='ltr'><strong>Quod</strong></span> 
     </span>
     <span class='ocr_line' id='line_1_12' title="bbox 317 1825 1338 1920; baseline -0.007 -20"><span class='ocrx_word' id='word_1_75' title='bbox 317 1843 418 1900; x_wconf 90' lang='lat' dir='ltr'><strong>autem</strong></span> <span class='ocrx_word' id='word_1_76' title='bbox 452 1835 582 1900; x_wconf 82' lang='lat' dir='ltr'><strong>maxime</strong></span> <span class='ocrx_word' id='word_1_77' title='bbox 611 1835 711 1902; x_wconf 87' lang='lat' dir='ltr'><strong>effecit</strong></span> <span class='ocrx_word' id='word_1_78' title='bbox 739 1841 774 1900; x_wconf 90' lang='lat' dir='ltr'><strong>ut</strong></span> <span class='ocrx_word' id='word_1_79' title='bbox 808 1835 935 1920; x_wconf 88' lang='lat' dir='ltr'><strong>antiqua</strong></span> <span class='ocrx_word' id='word_1_80' title='bbox 963 1825 1061 1902; x_wconf 76' lang='lat' dir='ltr'><strong>&#39;vium</strong></span> <span class='ocrx_word' id='word_1_81' title='bbox 1089 1837 1123 1898; x_wconf 87' lang='lat' dir='ltr'><strong>et</strong></span> <span class='ocrx_word' id='word_1_82' title='bbox 1150 1828 1338 1896; x_wconf 78' lang='lat' dir='ltr'><strong>continentie</strong></span> 
     </span>
     <span class='ocr_line' id='line_1_13' title="bbox 286 1935 1340 2041; baseline -0.003 -22"><span class='ocrx_word' id='word_1_83' title='bbox 286 1935 288 1938; x_wconf 28' lang='lat'>⁵</span> <span class='ocrx_word' id='word_1_84' title='bbox 317 1953 556 2020; x_wconf 82' lang='lat' dir='ltr'><strong>diminuerentur</strong></span> <span class='ocrx_word' id='word_1_85' title='bbox 593 1959 657 2020; x_wconf 87' lang='lat' dir='ltr'><strong>erat</strong></span> <span class='ocrx_word' id='word_1_86' title='bbox 695 1954 801 2041; x_wconf 82' lang='lat' dir='ltr'><strong>ingens</strong></span> <span class='ocrx_word' id='word_1_87' title='bbox 834 1952 1000 2020; x_wconf 90' lang='lat' dir='ltr'><strong>multitudo</strong></span> <span class='ocrx_word' id='word_1_88' title='bbox 1034 1945 1210 2033; x_wconf 89' lang='lat' dir='ltr'><strong>hominum,</strong></span> <span class='ocrx_word' id='word_1_89' title='bbox 1244 1966 1340 2036; x_wconf 85' lang='lat' dir='ltr'><strong>quae,</strong></span> 
     </span>
     <span class='ocr_line' id='line_1_14' title="bbox 316 2068 1339 2160; baseline -0.006 -21"><span class='ocrx_word' id='word_1_90' title='bbox 316 2073 433 2140; x_wconf 88' lang='lat' dir='ltr'><strong>Pericle</strong></span> <span class='ocrx_word' id='word_1_91' title='bbox 455 2073 617 2155; x_wconf 89' lang='lat' dir='ltr'><strong>suadente,</strong></span> <span class='ocrx_word' id='word_1_92' title='bbox 648 2093 737 2160; x_wconf 82' lang='lat' dir='ltr'><strong>agree</strong></span> <span class='ocrx_word' id='word_1_93' title='bbox 758 2095 830 2138; x_wconf 86' lang='lat' dir='ltr'><strong>euos</strong></span> <span class='ocrx_word' id='word_1_94' title='bbox 855 2073 1033 2158; x_wconf 84' lang='lat' dir='ltr'><strong>reliqueret,</strong></span> <span class='ocrx_word' id='word_1_95' title='bbox 1056 2076 1093 2137; x_wconf 84' lang='lat' dir='ltr'><strong>ut</strong></span> <span class='ocrx_word' id='word_1_96' title='bbox 1115 2070 1195 2137; x_wconf 88' lang='lat' dir='ltr'><strong>iutra</strong></span> <span class='ocrx_word' id='word_1_97' title='bbox 1220 2068 1339 2136; x_wconf 85' lang='lat' dir='ltr'><strong>muenia</strong></span> 
     </span>
     <span class='ocr_line' id='line_1_15' title="bbox 317 2191 965 2279; baseline 0.003 -21"><span class='ocrx_word' id='word_1_98' title='bbox 317 2199 386 2258; x_wconf 88' lang='lat' dir='ltr'><strong>tuta</strong></span> <span class='ocrx_word' id='word_1_99' title='bbox 409 2197 488 2259; x_wconf 80' lang='lat' dir='ltr'><strong>esset</strong></span> <span class='ocrx_word' id='word_1_100' title='bbox 510 2192 549 2258; x_wconf 89' lang='lat' dir='ltr'><strong>ab</strong></span> <span class='ocrx_word' id='word_1_101' title='bbox 570 2191 656 2257; x_wconf 83' lang='lat' dir='ltr'><strong>hoste</strong></span> <span class='ocrx_word' id='word_1_102' title='bbox 679 2192 764 2276; x_wconf 88' lang='lat' dir='ltr'><strong>(Pac.</strong></span> <span class='ocrx_word' id='word_1_103' title='bbox 787 2212 854 2258; x_wconf 87' lang='lat' dir='ltr'><strong>vers</strong></span> <span class='ocrx_word' id='word_1_104' title='bbox 877 2193 965 2279; x_wconf 75' lang='grc'><strong>682).</strong></span> 
     </span>
    </p>

    <p class='ocr_par' dir='ltr' id='par_1_7' title="bbox 315 2303 1339 3235">
     <span class='ocr_line' id='line_1_16' title="bbox 361 2303 1336 2400; baseline -0.004 -22"><span class='ocrx_word' id='word_1_105' title='bbox 361 2313 435 2378; x_wconf 81' lang='lat' dir='ltr'><strong>Erat</strong></span> <span class='ocrx_word' id='word_1_106' title='bbox 470 2312 629 2400; x_wconf 77' lang='lat' dir='ltr'><strong>plebecula</strong></span> <span class='ocrx_word' id='word_1_107' title='bbox 661 2310 818 2393; x_wconf 85' lang='lat' dir='ltr'><strong>seditiosa,</strong></span> <span class='ocrx_word' id='word_1_108' title='bbox 852 2311 1075 2399; x_wconf 87' lang='lat' dir='ltr'><strong>superstitiosa,</strong></span> <span class='ocrx_word' id='word_1_109' title='bbox 1108 2303 1336 2390; x_wconf 71' lang='grc' dir='ltr'><strong>πολύπραγμο-</strong></span> 
     </span>
     <span class='ocr_line' id='line_1_17' title="bbox 319 2430 1339 2518; baseline -0.004 -20"><span class='ocrx_word' id='word_1_110' title='bbox 319 2437 428 2514; x_wconf 81' lang='grc' dir='ltr'>νοῦσιι,</span> <span class='ocrx_word' id='word_1_111' title='bbox 452 2432 550 2497; x_wconf 89' lang='lat' dir='ltr'><strong>cuivis</strong></span> <span class='ocrx_word' id='word_1_112' title='bbox 572 2431 616 2496; x_wconf 89' lang='lat' dir='ltr'><strong>rei</strong></span> <span class='ocrx_word' id='word_1_113' title='bbox 638 2430 756 2496; x_wconf 89' lang='lat' dir='ltr'><strong>intenta</strong></span> <span class='ocrx_word' id='word_1_114' title='bbox 778 2438 985 2518; x_wconf 84' lang='lat' dir='ltr'><strong>praeterquam</strong></span> <span class='ocrx_word' id='word_1_115' title='bbox 1015 2430 1130 2511; x_wconf 87' lang='lat' dir='ltr'><strong>labori,</strong></span> <span class='ocrx_word' id='word_1_116' title='bbox 1157 2430 1339 2517; x_wconf 76' lang='lat' dir='ltr'><strong>demagogo·</strong></span> 
     </span>
     <span class='ocr_line' id='line_1_18' title="bbox 317 2549 1338 2638; baseline -0.002 -20"><span class='ocrx_word' id='word_1_117' title='bbox 317 2574 386 2618; x_wconf 88' lang='lat' dir='ltr'><strong>rum</strong></span> <span class='ocrx_word' id='word_1_118' title='bbox 419 2551 535 2618; x_wconf 86' lang='lat' dir='ltr'><strong>artibus</strong></span> <span class='ocrx_word' id='word_1_119' title='bbox 568 2549 833 2638; x_wconf 86' lang='lat' dir='ltr'><strong>opportunissima.</strong></span> <span class='ocrx_word' id='word_1_120' title='bbox 890 2550 1018 2638; x_wconf 84' lang='lat' dir='ltr'><strong>Saepius</strong></span> <span class='ocrx_word' id='word_1_121' title='bbox 1055 2555 1146 2638; x_wconf 84' lang='lat' dir='ltr'><strong>poeta</strong></span> <span class='ocrx_word' id='word_1_122' title='bbox 1178 2549 1338 2616; x_wconf 83' lang='lat' dir='ltr'><strong>miseratur</strong></span> 
     </span>
     <span class='ocr_line' id='line_1_19' title="bbox 316 2668 1336 2762; baseline -0.002 -24"><span class='ocrx_word' id='word_1_123' title='bbox 316 2671 461 2762; x_wconf 89' lang='lat' dir='ltr'><strong>populum</strong></span> <span class='ocrx_word' id='word_1_124' title='bbox 487 2672 520 2737; x_wconf 93' lang='lat' dir='ltr'><strong>in</strong></span> <span class='ocrx_word' id='word_1_125' title='bbox 544 2670 617 2737; x_wconf 88' lang='lat' dir='ltr'><strong>urbe</strong></span> <span class='ocrx_word' id='word_1_126' title='bbox 639 2691 859 2758; x_wconf 68' lang='lat' dir='ltr'><strong>compressum</strong></span> <span class='ocrx_word' id='word_1_127' title='bbox 882 2670 981 2751; x_wconf 87' lang='lat' dir='ltr'><strong>videt,</strong></span> <span class='ocrx_word' id='word_1_128' title='bbox 1004 2691 1096 2756; x_wconf 90' lang='lat' dir='ltr'><strong>qnam</strong></span> <span class='ocrx_word' id='word_1_129' title='bbox 1118 2668 1287 2757; x_wconf 82' lang='lat' dir='ltr'><strong>perniciosa</strong></span> <span class='ocrx_word' id='word_1_130' title='bbox 1308 2669 1336 2736; x_wconf 91' lang='lat' dir='ltr'><strong>ei</strong></span> 
     </span>
     <span class='ocr_line' id='line_1_20' title="bbox 316 2787 1334 2878; baseline -0.003 -20"><span class='ocrx_word' id='word_1_131' title='bbox 316 2791 357 2858; x_wconf 88' lang='lat' dir='ltr'><strong>sit</strong></span> <span class='ocrx_word' id='word_1_132' title='bbox 387 2792 450 2858; x_wconf 83' lang='lat' dir='ltr'><strong>rita</strong></span> <span class='ocrx_word' id='word_1_133' title='bbox 479 2790 604 2857; x_wconf 60' lang='lat' dir='ltr'><strong>urbanae</strong></span> <span class='ocrx_word' id='word_1_134' title='bbox 647 2790 726 2856; x_wconf 85' lang='lat' dir='ltr'><strong>Pace</strong></span> <span class='ocrx_word' id='word_1_135' title='bbox 755 2791 835 2857; x_wconf 82' lang='lat' dir='ltr'><strong>faeta</strong></span> <span class='ocrx_word' id='word_1_136' title='bbox 867 2790 975 2856; x_wconf 80' lang='lat' dir='ltr'><strong>rustici</strong></span> <span class='ocrx_word' id='word_1_137' title='bbox 1003 2790 1036 2856; x_wconf 90' lang='lat' dir='ltr'><strong>in</strong></span> <span class='ocrx_word' id='word_1_138' title='bbox 1066 2809 1154 2878; x_wconf 72' lang='lat' dir='ltr'><strong>agros</strong></span> <span class='ocrx_word' id='word_1_139' title='bbox 1186 2787 1334 2870; x_wconf 80' lang='lat' dir='ltr'><strong>redirent3</strong></span> 
     </span>
     <span class='ocr_line' id='line_1_21' title="bbox 316 2901 1333 2998; baseline -0.002 -20"><span class='ocrx_word' id='word_1_140' title='bbox 316 2920 391 2978; x_wconf 88' lang='lat' dir='ltr'><strong>tuuc</strong></span> <span class='ocrx_word' id='word_1_141' title='bbox 424 2911 543 2976; x_wconf 87' lang='lat' dir='ltr'><strong>demum</strong></span> <span class='ocrx_word' id='word_1_142' title='bbox 581 2917 797 2997; x_wconf 83' lang='lat' dir='ltr'><strong>cognoscerent</strong></span> <span class='ocrx_word' id='word_1_143' title='bbox 834 2933 925 2998; x_wconf 91' lang='lat' dir='ltr'><strong>quam</strong></span> <span class='ocrx_word' id='word_1_144' title='bbox 941 2953 946 2962; x_wconf 90' lang='lat'><em>·</em></span> <span class='ocrx_word' id='word_1_145' title='bbox 960 2910 1066 2976; x_wconf 85' lang='lat' dir='ltr'><strong>misere</strong></span> <span class='ocrx_word' id='word_1_146' title='bbox 1104 2909 1168 2976; x_wconf 82' lang='lat' dir='ltr'><strong>sint</strong></span> <span class='ocrx_word' id='word_1_147' title='bbox 1200 2901 1333 2976; x_wconf 82' lang='lat' dir='ltr'><strong>ludibrio</strong></span> 
     </span>
     <span class='ocr_line' id='line_1_22' title="bbox 315 3029 1333 3115; baseline -0.003 -19"><span class='ocrx_word' id='word_1_148' title='bbox 315 3030 426 3108; x_wconf 89' lang='lat' dir='ltr'><strong>babiti,</strong></span> <span class='ocrx_word' id='word_1_149' title='bbox 448 3030 544 3111; x_wconf 66' lang='grc' dir='ltr'><em>χῖδρα</em></span> <span class='ocrx_word' id='word_1_150' title='bbox 567 3029 729 3112; x_wconf 77' lang='grc' dir='ltr'><strong>φαγόντες</strong></span> <span class='ocrx_word' id='word_1_151' title='bbox 758 3052 829 3097; x_wconf 80' lang='lat' dir='ltr'><strong>moa</strong></span> <span class='ocrx_word' id='word_1_152' title='bbox 858 3031 918 3095; x_wconf 79' lang='lat' dir='ltr'><strong>iam</strong></span> <span class='ocrx_word' id='word_1_153' title='bbox 946 3029 1166 3109; x_wconf 85' lang='lat' dir='ltr'><strong>discernerent,</strong></span> <span class='ocrx_word' id='word_1_154' title='bbox 1200 3029 1253 3115; x_wconf 91' lang='lat' dir='ltr'><strong>qui</strong></span> <span class='ocrx_word' id='word_1_155' title='bbox 1275 3029 1333 3094; x_wconf 82' lang='lat' dir='ltr'><strong>eiu·</strong></span> 
     </span>
     <span class='ocr_line' id='line_1_23' title="bbox 317 3150 746 3235; baseline 0 -19"><span class='ocrx_word' id='word_1_156' title='bbox 317 3150 378 3216; x_wconf 89' lang='lat' dir='ltr'><strong>siut</strong></span> <span class='ocrx_word' id='word_1_157' title='bbox 401 3151 506 3231; x_wconf 90' lang='lat' dir='ltr'><strong>amici,</strong></span> <span class='ocrx_word' id='word_1_158' title='bbox 531 3151 584 3235; x_wconf 91' lang='lat' dir='ltr'><strong>qui</strong></span> <span class='ocrx_word' id='word_1_159' title='bbox 606 3150 746 3216; x_wconf 86' lang='lat' dir='ltr'><strong>malevoli</strong></span> 
     </span>
    </p>
   </div>
   <div class='ocr_carea' id='block_1_4' title="bbox 515 3327 1109 3411">
    <p class='ocr_par' dir='ltr' id='par_1_8' title="bbox 515 3327 1109 3411">
     <span class='ocr_line' id='line_1_24' title="bbox 515 3327 1109 3411; baseline 0 -17"><span class='ocrx_word' id='word_1_160' title='bbox 515 3331 532 3404; x_wconf 67' lang='lat' dir='ltr'><strong>&gt;i</strong></span> <span class='ocrx_word' id='word_1_161' title='bbox 557 3330 655 3411; x_wconf 70' lang='grc' dir='ltr'><em>εἰρήνη</em></span> <span class='ocrx_word' id='word_1_162' title='bbox 680 3327 745 3394; x_wconf 74' lang='grc' dir='ltr'><strong>ἐστὶ</strong></span> <span class='ocrx_word' id='word_1_163' title='bbox 768 3330 865 3410; x_wconf 68' lang='grc' dir='ltr'><em>χῖδρα</em></span> <span class='ocrx_word' id='word_1_164' title='bbox 888 3329 940 3392; x_wconf 77' lang='lat' dir='ltr'><strong>aul</strong></span> <span class='ocrx_word' id='word_1_165' title='bbox 965 3327 1109 3409; x_wconf 71' lang='grc' dir='ltr'><strong>σωτηρία.</strong></span> 
     </span>
    </p>
   </div>
   <div class='ocr_carea' id='block_1_5' title="bbox 317 3508 1334 4192">
    <p class='ocr_par' dir='ltr' id='par_1_9' title="bbox 317 3508 1334 4192">
     <span class='ocr_line' id='line_1_25' title="bbox 361 3508 1330 3595; baseline 0.002 -23"><span class='ocrx_word' id='word_1_166' title='bbox 361 3510 443 3573; x_wconf 92' lang='lat' dir='ltr'><strong>Nam</strong></span> <span class='ocrx_word' id='word_1_167' title='bbox 472 3529 533 3595; x_wconf 80' lang='lat' dir='ltr'><strong>pax</strong></span> <span class='ocrx_word' id='word_1_168' title='bbox 554 3509 683 3574; x_wconf 89' lang='lat' dir='ltr'><strong>efficeret</strong></span> <span class='ocrx_word' id='word_1_169' title='bbox 705 3515 741 3574; x_wconf 89' lang='lat' dir='ltr'><strong>ut</strong></span> <span class='ocrx_word' id='word_1_170' title='bbox 762 3509 846 3595; x_wconf 89' lang='lat' dir='ltr'><strong>plebs</strong></span> <span class='ocrx_word' id='word_1_171' title='bbox 869 3509 982 3574; x_wconf 87' lang='lat' dir='ltr'><strong>rustica</strong></span> <span class='ocrx_word' id='word_1_172' title='bbox 1009 3508 1112 3574; x_wconf 87' lang='lat' dir='ltr'><strong>urbem</strong></span> <span class='ocrx_word' id='word_1_173' title='bbox 1134 3509 1330 3595; x_wconf 87' lang='lat' dir='ltr'><strong>relinqueret,</strong></span> 
     </span>
     <span class='ocr_line' id='line_1_26' title="bbox 318 3627 1332 3715; baseline 0.004 -23"><span class='ocrx_word' id='word_1_174' title='bbox 318 3627 372 3693; x_wconf 95' lang='lat' dir='ltr'><strong>ubi</strong></span> <span class='ocrx_word' id='word_1_175' title='bbox 395 3629 627 3715; x_wconf 85' lang='lat' dir='ltr'><strong>demagogorum</strong></span> <span class='ocrx_word' id='word_1_176' title='bbox 646 3629 724 3694; x_wconf 86' lang='lat' dir='ltr'><strong>dolis</strong></span> <span class='ocrx_word' id='word_1_177' title='bbox 743 3635 773 3694; x_wconf 91' lang='lat' dir='ltr'><strong>et</strong></span> <span class='ocrx_word' id='word_1_178' title='bbox 791 3627 907 3693; x_wconf 89' lang='lat' dir='ltr'><strong>artibus</strong></span> <span class='ocrx_word' id='word_1_179' title='bbox 926 3628 1072 3709; x_wconf 82' lang='lat' dir='ltr'><strong>obnoxia,</strong></span> <span class='ocrx_word' id='word_1_180' title='bbox 1092 3629 1244 3714; x_wconf 88' lang='lat' dir='ltr'><strong>quidquid</strong></span> <span class='ocrx_word' id='word_1_181' title='bbox 1254 3630 1332 3696; x_wconf 84' lang='lat' dir='ltr'><strong>insa·</strong></span> 
     </span>
     <span class='ocr_line' id='line_1_27' title="bbox 318 3746 1331 3833; baseline 0.006 -23"><span class='ocrx_word' id='word_1_182' title='bbox 318 3767 390 3811; x_wconf 90' lang='lat' dir='ltr'><strong>num</strong></span> <span class='ocrx_word' id='word_1_183' title='bbox 421 3753 452 3812; x_wconf 88' lang='lat' dir='ltr'><strong>et</strong></span> <span class='ocrx_word' id='word_1_184' title='bbox 484 3746 667 3833; x_wconf 86' lang='lat' dir='ltr'><strong>reipublicae</strong></span> <span class='ocrx_word' id='word_1_185' title='bbox 700 3746 901 3833; x_wconf 76' lang='lat' dir='ltr'><strong>pemipiosum</strong></span> <span class='ocrx_word' id='word_1_186' title='bbox 933 3747 1028 3812; x_wconf 87' lang='lat' dir='ltr'><strong>facere</strong></span> <span class='ocrx_word' id='word_1_187' title='bbox 1061 3746 1186 3814; x_wconf 83' lang='lat' dir='ltr'><strong>solebat.</strong></span> <span class='ocrx_word' id='word_1_188' title='bbox 1237 3749 1331 3816; x_wconf 85' lang='lat' dir='ltr'><strong>Modo</strong></span> 
     </span>
     <span class='ocr_line' id='line_1_28' title="bbox 317 3865 1333 3952; baseline 0.003 -22"><span class='ocrx_word' id='word_1_189' title='bbox 317 3865 417 3930; x_wconf 88' lang='lat' dir='ltr'><strong>redeat</strong></span> <span class='ocrx_word' id='word_1_190' title='bbox 438 3865 471 3930; x_wconf 92' lang='lat' dir='ltr'><strong>iu</strong></span> <span class='ocrx_word' id='word_1_191' title='bbox 494 3885 600 3952; x_wconf 82' lang='lat' dir='ltr'><strong>agros,</strong></span> <span class='ocrx_word' id='word_1_192' title='bbox 630 3865 707 3930; x_wconf 90' lang='lat' dir='ltr'><strong>dicit</strong></span> <span class='ocrx_word' id='word_1_193' title='bbox 728 3873 833 3952; x_wconf 89' lang='lat' dir='ltr'><strong>poeta,</strong></span> <span class='ocrx_word' id='word_1_194' title='bbox 857 3887 928 3932; x_wconf 85' lang='lat' dir='ltr'><strong>mox</strong></span> <span class='ocrx_word' id='word_1_195' title='bbox 950 3887 1021 3931; x_wconf 87' lang='lat' dir='ltr'><strong>sana</strong></span> <span class='ocrx_word' id='word_1_196' title='bbox 1045 3887 1128 3931; x_wconf 87' lang='lat' dir='ltr'><strong>mene</strong></span> <span class='ocrx_word' id='word_1_197' title='bbox 1150 3867 1278 3949; x_wconf 87' lang='lat' dir='ltr'><strong>redibit,</strong></span> <span class='ocrx_word' id='word_1_198' title='bbox 1302 3877 1333 3934; x_wconf 88' lang='lat' dir='ltr'><strong>et</strong></span> 
     </span>
     <span class='ocr_line' id='line_1_29' title="bbox 319 3983 1332 4072; baseline 0.006 -24"><span class='ocrx_word' id='word_1_199' title='bbox 319 3983 494 4066; x_wconf 87' lang='lat' dir='ltr'><strong>credulitas,</strong></span> <span class='ocrx_word' id='word_1_200' title='bbox 529 4005 589 4069; x_wconf 87' lang='lat' dir='ltr'><strong>qua</strong></span> <span class='ocrx_word' id='word_1_201' title='bbox 623 3984 791 4050; x_wconf 88' lang='lat' dir='ltr'><strong>abutuntur</strong></span> <span class='ocrx_word' id='word_1_202' title='bbox 821 3985 926 4072; x_wconf 92' lang='lat' dir='ltr'><strong>populi</strong></span> <span class='ocrx_word' id='word_1_203' title='bbox 957 3986 1172 4069; x_wconf 86' lang='lat' dir='ltr'><strong>moderatores,</strong></span> <span class='ocrx_word' id='word_1_204' title='bbox 1201 3988 1332 4070; x_wconf 88' lang='lat' dir='ltr'><strong>desinet,</strong></span> 
     </span>
     <span class='ocr_line' id='line_1_30' title="bbox 319 4102 1334 4192; baseline 0.007 -24"><span class='ocrx_word' id='word_1_205' title='bbox 319 4102 445 4170; x_wconf 85' lang='lat' dir='ltr'><strong>simulac</strong></span> <span class='ocrx_word' id='word_1_206' title='bbox 474 4103 600 4170; x_wconf 87' lang='lat' dir='ltr'><strong>aberunt</strong></span> <span class='ocrx_word' id='word_1_207' title='bbox 628 4105 702 4170; x_wconf 86' lang='lat' dir='ltr'><strong>vitia</strong></span> <span class='ocrx_word' id='word_1_208' title='bbox 724 4104 847 4171; x_wconf 87' lang='lat' dir='ltr'><strong>urbana.</strong></span> <span class='ocrx_word' id='word_1_209' title='bbox 894 4104 985 4186; x_wconf 79' lang='lat' dir='ltr'><strong>Quod</strong></span> <span class='ocrx_word' id='word_1_210' title='bbox 1006 4104 1098 4192; x_wconf 89' lang='lat' dir='ltr'><strong>probe</strong></span> <span class='ocrx_word' id='word_1_211' title='bbox 1120 4107 1216 4172; x_wconf 85' lang='lat' dir='ltr'><strong>sciens</strong></span> <span class='ocrx_word' id='word_1_212' title='bbox 1239 4105 1334 4176; x_wconf 82' lang='lat' dir='ltr'><strong>Cleon</strong></span> 
     </span>
    </p>
   </div>
   <div class='ocr_carea' id='block_1_6' title="bbox 0 0 1692 5232">
    <p class='ocr_par' dir='ltr' id='par_1_10' title="bbox 0 0 1692 5232">
     <span class='ocr_line' id='line_1_31' title="bbox 0 0 1692 5232; baseline 0 1"><span class='ocrx_word' id='word_1_213' title='bbox 0 0 1692 5232; x_wconf 95' lang='lat' dir='ltr'><strong> </strong></span> 
     </span>
    </p>
   </div>
  </div>
 </body>
</html>
