3374 5232
771 421 809 484 67

280 635 332 719 qui
363 657 422 700 uon
452 642 487 697 ut
516 633 667 719 plebecula
695 657 791 718 neque
829 635 1063 722 demagogorum
1078 639 1176 724 ,nugis
1198 659 1296 723 neque

279 755 402 822 militari
425 755 623 818 ostentatione
646 763 677 817 et
699 755 869 838 arrogantia
888 755 997 820 ductus
1008 757 1160 844 intelligat
1166 810 1176 840 ‚
1192 781 1296 846 pacem

280 873 373 938 solam
402 873 516 958 patriae
545 871 672 936 salutem
702 873 879 954 allaturam,
909 874 1020 956 bellum
1050 882 1154 941 contra
1184 877 1296 950 civium

280 992 469 1070 felicitatem,
505 991 717 1056 commercium
758 993 838 1056 inter
880 993 1019 1062 civitates
1060 995 1179 1082 aliaque
1221 995 1299 1062 buna

282 1111 435 1196 impedire.

281 1231 449 1296 Lamachus
473 1231 487 1292 ὁ
516 1229 628 1302 δεινός,
653 1231 666 1293 ί
690 1231 895 1310 ταλαύρινος,
922 1229 951 1304 ὃς
979 1234 1033 1305 τίον
1062 1232 1197 1314 Γορνίνιι

471 1351 608 1426 actare,
646 1352 811 1430 κραδαίνων
846 1361 926 1431 τριίο
963 1354 1153 1426 corceatur
1182 1352 1296 1435 λίΦοιις
1364 1349 1370 1358 ’

1098 1476 1189 1560 (Aah.
1214 1479 1302 1562 964).

283 1594 311 1652 ei
335 1597 446 1655 metum
470 1614 529 1655 non
553 1593 679 1669 incutit,
705 1593 758 1656 scd
780 1614 921 1657 nauscam
947 1601 1060 1660 movet.
1296 1579 1299 1586 ¹

330 1709 452 1795 Optime
474 1703 626 1790 indicant,
650 1735 724 1796 quae
747 1713 915 1777 Lamachus
939 1720 1111 1798 arroganter
1122 1715 1302 1801 iactatper·

287 1829 427 1893 tinaciam
462 1830 604 1909 illorum,
640 1831 691 1915 qui
726 1853 786 1894 uon
821 1831 958 1915 quidam,
996 1834 1039 1897 nti
1075 1833 1233 1920 demagogi
1264 1834 1302 1899 ob

286 1948 473 2033 turpissimas
503 1972 620 2029 causas,
653 1949 705 2014 aad
734 1951 890 2035 pugnandi
923 1953 1078 2037 cupidine,
1109 1975 1164 2039 pro
1192 1953 1305 2018 virtute

252 2063 259 2080 '
287 2091 374 2156 saepo
397 2069 501 2133 habita
523 2078 553 2134 ct
576 2092 669 2155 prava
691 2070 857 2136 ambitione
879 2072 1026 2136 stimulati
1049 2071 1121 2140 betti
1140 2074 1305 2143 canutum

288 2187 412 2252 mallent
438 2209 527 2272 quam
550 2188 633 2274 pacis
656 2189 736 2254 bona
760 2190 851 2273 (Aah.
876 2191 968 2275 620):

421 2416 495 2480 atta'
525 2411 573 2486 οὖν
599 2417 660 2492 ἐγὼ
689 2417 745 2493 μὲν
775 2419 854 2486 τοῖσι
879 2417 1130 2491 Πελοποννησίοις
1232 2457 1233 2460 =

425 2537 473 2599 οίεί
503 2538 673 2612 πολεμήσω,
695 2536 746 2602 καί
777 2534 902 2620 ταροίξνι
927 2547 1082 2620 πανταχῇ

423 2659 474 2729 καί
501 2658 588 2722 ναυσί
617 2657 668 2720 καί
699 2657 815 2738 τεζοῖοι
842 2657 1165 2740 succrescentia.

336 2883 456 2964 Quibus
491 2906 509 2946 a
541 2889 628 2966 pocta
659 2892 864 2967 opponuntur,
902 2905 937 2945 ea
965 2904 1041 2967 quaa
1077 2883 1153 2952 dicit
1183 2883 1309 2956 Dicaeo-

293 3004 370 3090 polis
398 3025 452 3088 pre
480 3009 561 3066 certo
590 3001 699 3066 habens
727 3001 938 3104 commercium
963 3003 1059 3088 magis
1082 3025 1173 3088 quam
1194 3027 1311 3091 pugnas

293 3123 437 3187 Graeciae
462 3121 651 3206 profuturum
676 3123 763 3204 (vers.
788 3123 880 3204 talj:
1065 3127 1069 3131 '

405 3347 464 3422 ἐγὼ
488 3344 519 3410 δὲ
542 3343 677 3426 κηρύττω
701 3370 738 3422 γε
764 3345 1015 3420 Πελοποννησίοις

407 3463 508 3530 ίίιιαοι
535 3464 586 3528 καί
614 3470 797 3544 Μεγαρεῦσι
821 3464 872 3532 καί
903 3466 1050 3538 Βοιωτίοις

411 3594 525 3650 πωλεῖν
548 3585 710 3668 οίνοροίζειν
734 3587 806 3668 τρίς
831 3587 903 3664 ἐμὲ,
926 3586 1079 3666 Λαρινίχῳ
1103 3587 1133 3654 δὲ
1157 3589 1212 3668 μή,

297 3804 326 3862 et
348 3797 450 3884 paullo
472 3803 541 3882 post
562 3819 638 3862 vers.
665 3801 743 3862 725:

475 3997 608 4060 ἐνταῦθα
631 3992 935 4075 μήτε-συκοφάντας
962 3992 1080 4062 εἰσίτω.

475 4116 659 4192 μίν-’σίλλος
683 4110 766 4184 ὅστις
788 4111 943 4192 Φασιανός
969 4114 1032 4175 ἐστ’
1052 4113 1138 4189 drap.

1144 4231 1185 4295 5*
