3374 5232
720 430 870 491 .10

344 645 451 710 Nicias
482 645 525 726 ei,
552 659 665 730 magne
692 643 828 727 loquenti
854 642 1022 723 ceterisque
1051 641 1178 708 ducibus
1208 644 1360 729 ignavim

344 762 502 829 obiicienti
536 762 661 850 imperio
696 761 845 826 cessisset.
890 759 986 825 Ocius
1020 760 1063 825 rei
1098 781 1252 826 successus
1280 761 1363 836 inen-¹

254 969 256 974 ¹
344 887 483 969 peotatus
512 903 582 946 oum
603 878 713 946 Niciae
740 879 866 944 factioni
888 886 1048 958 nocuerat,
1069 885 1136 944 tum
1159 879 1241 944 illius
1260 887 1363 946 uncto

343 1001 464 1066 ritatem
498 1000 580 1087 apud
613 999 756 1088 populum
790 999 922 1063 multum
952 1007 1085 1066 auxerat.
1131 996 1201 1082 Quo
1231 1007 1364 1086 tempore

344 1118 441 1204 igitur
469 1118 599 1184 maxime
627 1099 785 1184 fruebatur
815 1139 887 1182 aura
912 1117 1066 1206 populari,
1089 1117 1188 1183 virum
1210 1125 1363 1206 potentem

345 1237 431 1303 ouius
460 1259 477 1303 e
510 1235 651 1304 manibus
678 1235 778 1324 paullo
801 1242 871 1300 ante
893 1236 947 1300 vix
970 1241 1032 1300 erat
1055 1236 1190 1323 elapsus,
1214 1239 1364 1304 acerrimis

344 1349 490 1422 conviciis
522 1353 710 1442 proscindere
744 1369 836 1420 ausus
871 1361 916 1419 est
937 1353 1043 1441 poeta,
1075 1355 1106 1420 et
1132 1350 1224 1422 simui
1251 1351 1363 1444 populo

344 1476 432 1570 quasi
460 1471 494 1540 iu
522 1476 643 1562 speculo
672 1469 747 1540 vitia
776 1467 950 1554 ostendere,
974 1495 1049 1558 quse
1071 1465 1252 1561 reipublicae
1274 1474 1364 1543 saluti

345 1590 432 1662 valde
460 1594 623 1660 obstarent.
668 1589 809 1677 Quantus
832 1598 911 1658 esset
937 1598 1052 1669 metus,
1076 1593 1130 1678 qui
1154 1617 1256 1660 omnes
1279 1597 1365 1662 inva-

346 1715 434 1781 sisset
462 1711 632 1781 luculenter
659 1720 781 1801 appetet
803 1735 840 1778 ex
863 1705 920 1793 iis,
943 1734 1020 1798 quae
1041 1709 1171 1799 legimus
1195 1738 1262 1780 vers
1289 1719 1364 1782 230.

753 1895 788 1960 οὐ
808 1893 873 1975 γὰρ
895 1893 979 1958 ἐστὶν
1002 1893 1209 1976 ἕξιικοισμένος

502 2016 560 2080 ὑπὸ
585 2019 640 2080 τοῦ
666 2014 748 2087 δέους
773 2013 838 2095 γὰρ
856 2014 951 2079 οινίτὸν
975 2013 1071 2086 οὐδεὶς
1092 2013 1197 2089 ἤθελεν

504 2136 562 2199 τῶν
590 2139 774 2200 σκευοποιῶν
797 2132 932 2198 sinuosa.

391 2319 478 2400 Quae
501 2317 564 2383 siut
586 2321 664 2382 artes
687 2316 922 2403 demagcgorum
944 2316 982 2380 ad
1003 2305 1110 2402 populi
1125 2312 1366 2380 osoblinendum

346 2438 447 2526 lepide
464 2443 567 2504 narrat
580 2437 655 2502 alter
675 2453 829 2502 seruorum
848 2431 1090 2522 (Demosthenes)
1105 2435 1204 2501 indes
1215 2455 1301 2500 versu
1313 2436 1367 2500 40.

513 2613 535 2682 ὦ
564 2624 675 2696 Δῆμε,
699 2620 810 2682 λοῦσοιι
837 2611 1143 2697 cresconiadem
1237 2650 1240 2657 ·

513 2738 595 2804 ἐνθοῦ
618 2737 771 2820 ῥόφησον,
794 2735 920 2820 ἔντραγ’
948 2735 1005 2826 ἔχε
1026 2735 1201 2817 τριώβολον.

346 3039 387 3105 ab
414 3058 466 3121 eo,
497 3040 549 3124 qui
580 3053 701 3104 servum
736 3053 800 3102 esse
830 3037 968 3116 uerunt,
997 3046 1174 3103 revocasse
1203 3043 1366 3123 tyrannus,

346 3157 488 3225 omnibns
519 3156 618 3223 modis
651 3159 812 3223 inescatur.
859 3157 956 3238 Quasi
987 3176 1106 3222 muscas
1133 3162 1282 3236 oratores,
1313 3155 1367 3241 qui

347 3278 407 3344 sibi
448 3283 553 3344 contra
594 3277 694 3342 dicere
731 3284 853 3364 possent
898 3299 917 3342 e
949 3283 1111 3363 conspectu
1143 3275 1250 3363 populi
1283 3274 1369 3361 pellit

348 3397 516 3484 (ἀποσοβεῖ
542 3397 612 3469 τοὺς
638 3398 782 3477 ῥήτορος,
816 3398 856 3460 50
893 3396 949 3461 cfr.
986 3395 1043 3480 Eq.
1069 3395 1156 3479 350).
1194 3393 1366 3458 Placentam

347 3541 365 3583 a
391 3537 536 3582 conservo
558 3514 786 3601 (Demosthene)
810 3515 849 3580 ad
871 3514 980 3602 Pylum
1004 3517 1131 3602 pistsm,
1156 3514 1220 3600 ipse
1241 3513 1368 3600 apponit

285 3628 289 3635 ’
346 3636 478 3724 populo,
508 3636 593 3721 quasi
624 3658 641 3699 a
672 3657 703 3699 se
732 3640 810 3699 esset
831 3640 944 3720 parata.
990 3630 1126 3720 Populus
1151 3639 1254 3696 contra
1277 3653 1366 3698 senex

286 3794 288 3797 ·
346 3756 570 3835 somnolentus,
609 3753 731 3840 ineptus
774 3775 790 3818 e
827 3752 1002 3818 credulitate
1035 3752 1152 3818 laborat
1186 3752 1366 3838 (σιβυλλιᾷ)

348 3895 438 3961 quam
461 3896 523 3940 rem
548 3873 645 3939 Cleon
668 3876 700 3937 in
724 3893 812 3937 suum
832 3872 926 3937 vertit
940 3871 1069 3939 lucrum.
1100 3876 1209 3938 Astute
1224 3872 1368 3959 perspicit

347 3996 449 4060 omnis
477 3994 580 4082 populi
611 3993 701 4074 vitia,
732 3992 841 4078 quibus
863 3992 1087 4078 morigeretur,
1102 4033 1104 4038 ,
1117 4000 1153 4056 ut
1183 3991 1245 4078 ipse
1268 4013 1367 4057 rerum

347 4114 492 4201 potiatur.
526 4112 712 4192 Mercedem,
736 4133 825 4196 quam
842 4112 973 4199 populus
989 4111 1028 4176 ob
1047 4112 1095 4176 ius
1112 4110 1273 4177 dicendum
1291 4111 1367 4174 acci·
