3374 5232
801 441 839 503 75

314 652 387 736 πρὸς
405 655 557 739 ἑαυτούς).
579 654 698 721 Natura
717 654 813 735 enim,
835 676 1018 740 quamquem
1035 655 1197 721 humanam
1214 667 1336 742 qnoque

314 776 444 840 indolem
467 776 652 862 aptissimam
677 774 715 838 ad
733 774 930 860 pugnandum
949 773 1054 840 fecisse
1074 776 1212 857 ridetur,
1235 782 1336 842 tamen

314 895 470 980 populares
495 895 574 959 inter
591 911 622 959 se
645 894 786 960 dimicare
810 902 901 959 vetat.
948 895 1052 976 Quum
1075 895 1337 981 igitnr'nnsqnam

316 1023 378 1080 tana
413 1037 499 1101 saepe
536 1015 616 1082 inter
645 1016 750 1101 gentes
781 1015 916 1079 eiusdem
946 1015 1072 1100 originis
1099 1002 1277 1101 pugnatum
1298 1014 1338 1079 alt

317 1155 406 1219 quam
430 1135 549 1220 inipso
572 1133 716 1214 Graecia,
744 1141 845 1198 tamen
868 1133 950 1199 illius
973 1134 1096 1220 pietatis
1120 1134 1255 1220 exempla
1277 1149 1338 1200 non

318 1255 427 1319 desunt
459 1253 611 1340 (Xenoph.
646 1253 699 1318 Gr.
735 1253 819 1318 Hier.
852 1253 914 1330 IV,
947 1254 999 1331 ΙΙ,
1033 1253 1225 1330 Ἀγησίλαος
1249 1254 1339 1334 ὁρῶν,

318 1369 363 1438 θτι
393 1376 418 1437 οἱ
443 1373 551 1437 πολλοὶ
576 1379 634 1437 τῶν
657 1379 851 1453 στρατιωτῶν
875 1374 976 1450 μένειν
1001 1374 1170 1450 ἐπεθύμουν
1194 1378 1337 1451 μᾶλλον,

321 1495 336 1568 ή
363 1496 416 1574 ἐφ’
440 1480 596 1566 Έλληνας
620 1493 871 1574 στρατεύεσθαι.)

363 1615 474 1679 Poetae
504 1621 604 1678 autem
635 1613 769 1677 taedium
802 1613 872 1678 belli
895 1615 1033 1678 intestini
1056 1615 1170 1700 optime
1193 1614 1267 1678 mihi
1291 1635 1341 1678 ex-

320 1734 448 1820 primere
475 1734 614 1797 videntur
640 1732 771 1819 linguei
800 1733 837 1797 ad
860 1740 960 1798 vatem
985 1734 1129 1820 populum
1153 1733 1280 1798 oraculis
1304 1732 1340 1796 ad

321 1854 428 1920 bellurn
451 1852 658 1917 stimulantem
680 1852 770 1917 verba
794 1876 830 1917 ex
853 1851 905 1916 illo
928 1854 1012 1918 fonte
1035 1851 1159 1933 hausta,
1183 1853 1341 1919 universae

320 1973 463 2038 Graeciae
502 1974 672 2051 communi,
710 1973 763 2056 qui
798 1973 973 2058 aptissimus
1000 1980 1064 2038 erat
1086 1981 1120 2037 ut
1146 1971 1341 2037 delirantibus

320 2115 420 2157 sanam
439 2098 568 2156 mentem
591 2091 727 2156 redderet
751 2100 781 2156 et
802 2093 835 2156 in
858 2094 1031 2157 memoriam
1042 2099 1194 2158 revocaret
1204 2099 1341 2178 tempus,

323 2233 382 2296 quo
408 2235 467 2275 uno
491 2212 567 2275 duce
590 2211 722 2276 universi
746 2211 854 2277 Graeci
879 2213 1099 2277 celeberrimam
1119 2213 1341 2299 expeditionem

323 2334 355 2396 in
380 2332 483 2396 Asiam
507 2331 663 2396 fecissent:

412 2503 515 2566 sitt'o‘
540 2501 635 2582 σοφθς
661 2525 705 2565 τοι
731 2504 764 2574 νή
789 2503 838 2566 Δί’
859 2503 999 2583 Ὅμηρος
1025 2504 1119 2581 δεξιὸν
1145 2499 1241 2567 εἶπεν·
1316 2583 1319 2590 Δ

413 2623 581 2703 ἀφρήτωρ,
607 2621 792 2698 ἀθέμιστος,
818 2623 956 2695 ἀνέστιός
985 2627 1067 2689 ἐστιν
1099 2625 1210 2694 ἐκεῖνος

415 2743 445 2814 δε
473 2745 610 2822 πολέμου
640 2743 746 2824 ἔραται
773 2745 953 2823 ἐπιδημίου,
979 2745 1161 2824 ὀκρυόεντος.

336 2955 340 2964 .
372 2906 496 2987 Quanto
526 2909 645 2973 saniora
675 2909 818 2994 sepientis
847 2909 987 2974 Nestoris
1016 2911 1124 2992 verba,
1157 2934 1248 2996 quem
1278 2911 1346 2976 illae

329 3026 480 3113 speciosae
510 3049 608 3112 nugae
638 3035 668 3092 et
698 3027 822 3092 obscure
845 3029 982 3109 oracula,
1008 3030 1117 3114 quibus
1145 3037 1226 3095 vates
1248 3031 1346 3116 plebe·

329 3145 411 3210 culae
435 3168 520 3210 aures
541 3146 641 3210 irritat
667 3150 707 3229 (v.
734 3149 849 3232 luem:

396 3327 415 3394 ὦ
446 3333 550 3409 μέλεοι
578 3333 675 3406 θνητοὶ
698 3334 750 3396 καὶ
779 3334 877 3406 νήπιοι

397 3451 503 3524 οἵτινες
528 3453 698 3534 ἀφραδίρσι
729 3455 799 3518 θεῶν
826 3454 887 3518 νόον
914 3457 967 3519 οὐκ
997 3457 1114 3528 αΐοντες

396 3575 546 3649 συνθήκας
576 3573 742 3648 πεποίησθε
771 3575 875 3655 ἀνδρες
905 3586 1069 3655 χαροποῖσι
1097 3581 1231 3653 πιθήκοις

398 3695 449 3758 καὶ
479 3695 593 3774 κε’πφοι
620 3696 764 3774 τρήρωνες
791 3696 1016 3760 ἀλωπεκιδεῦσι
1049 3697 1195 3763 πέπεισθε

399 3811 435 3878 ὧν
466 3814 563 3880 δθλιοιι
593 3815 719 3895 ψυχαὶ,
746 3815 844 3880 δόλιαι
870 3817 990 3899 φρένες.

375 4009 453 4076 Sunt
481 4010 533 4074 ille
555 4011 691 4091 oracula,
716 4033 792 4094 quae
814 4011 914 4097 plebs,
938 4035 999 4096 quo
1024 4014 1123 4079 minus
1152 4015 1349 4102 intelligeret,

333 4153 368 4195 eo
404 4130 514 4193 maiore
550 4150 618 4193 oum
653 4129 799 4215 religione
838 4131 988 4198 audiebat.
1019 4131 1214 4220 Nequissimo
1239 4137 1350 4222 cuique
