3374 5232
781 441 821 502 69

335 660 522 726 Ambitiosos
544 660 610 724 illos
633 658 732 744 tangit
752 664 839 743 poeta
864 657 895 720 in
918 656 996 722 Pace
1022 657 1063 739 (v.
1087 656 1182 737 east:

379 841 426 905 κεῖ
447 864 493 911 τις
518 842 669 917 §atavam
693 839 879 919 ταξιαρχεῖν
903 837 946 902 col
975 837 1075 920 (Pace)
1099 835 1206 916 φθονεῖ
1309 921 1312 932 1

379 963 420 1032 εἷς
447 966 513 1042 Φῶς
538 963 695 1034 οῖνελόεῖν,
721 955 742 1024 τό
768 960 881 1032 πότνι’,
910 961 939 1024 ἐν
964 967 1067 1022 ταῖσιν
1091 955 1216 1036 μόχαις

379 1081 499 1161 τόσχοι
523 1106 562 1159 γε
583 1083 699 1145 τοιαῦό
721 1077 827 1159 οἷατερ
852 1082 1042 1157 Κλεώνυμος.

378 1203 426 1266 κεῖ
444 1226 491 1273 τις
516 1209 705 1281 στρατηγεῖν
727 1201 913 1280 βουλόμενος
938 1201 981 1276 μὴ
1005 1196 1153 1279 {candidu

378 1324 428 1386 ἑτῖ
453 1327 506 1386 τοῦ
528 1326 640 1401 τροχοῦ
663 1319 816 1398 γ”έλκοιτο
839 1319 1101 1397 μαστιγούμενος.

332 1502 476 1567 Pisander
506 1525 627 1587 quoque
650 1509 862 1567 annumeratur
885 1502 961 1580 illis,
986 1524 1061 1588 quos
1084 1500 1237 1588 splendide
1258 1522 1303 1564 ar-

289 1630 384 1687 matos
413 1623 585 1688 incedentes
612 1621 765 1707 plebecula
793 1621 932 1686 admirari
963 1620 1076 1685 solebat
1106 1621 1190 1705 (Pac.
1214 1622 1304 1704 395).

288 1742 381 1807 Cuius
397 1741 604 1807 ostentationis
623 1741 788 1805 vanitatem
811 1741 870 1804 iam
894 1739 1077 1826 perspiciens
1098 1739 1205 1806 chorus
1224 1762 1303 1805 sum·

290 1863 345 1926 mis
366 1861 504 1926 laudibus
527 1861 649 1945 dignam
672 1860 763 1924 babet
786 1881 900 1945 pacem.

334 2040 408 2121 ἦτορ
434 2046 517 2117 ἡμῶν
542 2042 613 2112 τοὺς
637 2038 752 2120 λόφους
779 2041 896 2120 όφεῖλε
921 2040 972 2104 καὶ
997 2039 1055 2109 τόις
1080 2037 1244 2118 Γοργόνας.

331 2223 376 2286 llx
399 2223 511 2307 quibus
534 2222 677 2286 omnibus
699 2243 761 2284 non
784 2228 895 2285 temere
919 2221 1078 2299 comiciam,
1102 2226 1220 2306 poetam
1243 2242 1304 2284 non

288 2341 384 2405 solum
408 2349 443 2406 ut
454 2342 633 2405 cachinnum
647 2327 798 2420 moveret,
824 2340 936 2404 milites
948 2340 1018 2403 illos
1030 2340 1177 2424 gloriosos
1190 2340 1304 2405 facetiis

287 2462 349 2525 suis
371 2461 594 2547 perstrinxisse,
619 2460 671 2523 sed
694 2481 754 2544 quo
777 2458 865 2523 simul
889 2458 1016 2544 populus
1040 2461 1156 2524 saniora
1180 2459 1303 2541 doctus,

288 2603 305 2642 a
325 2580 446 2665 stupide
466 2580 662 2643 admiratione
674 2579 854 2657 abstineret,
880 2599 938 2661 qua
951 2585 1075 2663 captus,
1099 2579 1306 2644 huiuscemodi

288 2698 418 2762 uirorum
443 2697 595 2761 voluntati
618 2698 845 2781 obsequeretur,
871 2720 953 2760 suam
977 2705 1007 2762 et
1026 2698 1204 2783 reipublicae
1227 2700 1304 2764 salu·

287 2825 347 2882 tem
381 2817 556 2902 negligeret.
608 2817 668 2880 Pro
704 2825 786 2881 certo
821 2815 965 2897 babebat,
1002 2818 1125 2903 opinor,
1159 2820 1304 2905 populum

288 2937 367 3000 bone
400 2936 482 3021 pacis
515 2943 703 3016 cernentem,
738 2936 845 3000 militia
878 2937 963 3022 gravi
996 2938 1133 3022 quamvis
1171 2943 1305 3024 speciosa

290 3063 474 3143 contempta,
515 3077 579 3119 cam
619 3056 757 3120 lubenter
797 3065 1005 3141 accepturam,
1051 3065 1084 3120 ut
1123 3058 1231 3122 chorus
1272 3060 1304 3123 in

290 3177 367 3240 Pace
390 3181 432 3260 (v.
460 3178 708 3260 itm-lietu:

597 3356 712 3434 ἥδομαί
731 3361 763 3435 γ’
788 3357 897 3435 ἥδομαι

599 3479 723 3558 κρόνους
747 3479 995 3557 οῖτνλλαγμένος

597 3604 684 3682 τοροῦ
708 3624 743 3664 τε
767 3598 818 3664 καὶ
844 3599 1017 3680 κρομμύων.

287 3789 317 3845 et
344 3804 420 3848 vers.
455 3785 555 3861 1172,
595 3781 649 3846 ubi
676 3781 764 3845 dicit:
801 3781 878 3845 malo
916 3805 1037 3866 pacem,
1068 3806 1158 3868 quam
1193 3785 1303 3850 taxiar-

287 3904 377 3969 chum
400 3903 459 3967 diis
486 3902 622 3966 invisum
644 3900 682 3965 ob
704 3901 805 3964 oeulos
831 3901 954 3979 habere,
980 3909 1040 3966 tres
1064 3903 1168 3968 cristes
1185 3913 1301 3990 gestan-

286 4025 348 4085 tem
374 4031 405 4085 et
427 4042 574 4106 purpureo
596 4019 808 4106 paludamento
831 4029 984 4100 ornatum,
1009 4043 1098 4104 quem
1122 4024 1174 4087 tali
1195 4033 1302 4090 ornatu

212 4181 216 4188 -
286 4139 428 4204 indutum
459 4147 558 4203 tamen
588 4161 649 4202 non
676 4137 770 4224 pudet
799 4139 931 4223 primum
967 4141 1100 4205 omnium
1123 4149 1208 4229 terga
1234 4143 1303 4211 dare
