3374 5232
817 438 856 496 tl

326 653 456 733 solebat,
499 652 640 717 facillime
676 675 711 716 ea
750 651 849 715 iudice
887 672 1108 735 quemcumque
1143 651 1343 718 adversarium

325 773 515 839 amovebant.

368 893 467 974 Quem
497 913 596 956 rerum
627 894 740 954 statum
767 889 907 976 inprimis
936 888 1096 975 optimates
1124 890 1250 955 tolerare
1284 912 1343 956 uon

324 1017 502 1099 potuerunt,
534 1010 588 1094 qui
619 1031 715 1093 quum
742 1009 803 1073 iam
835 1008 912 1073 nihil
943 1008 1078 1074 valerent
1108 1009 1139 1075 in
1171 1008 1343 1096 republica,

324 1153 469 1196 summam
487 1128 582 1216 plebis
609 1128 775 1214 potentiam
797 1128 874 1193 male
897 1128 1013 1214 experti
1037 1134 1124 1209 sunt,
1149 1150 1242 1214 quae,
1267 1135 1342 1195 tam·

323 1272 413 1336 quam
443 1250 525 1314 canis
555 1248 710 1314 venaticus
732 1247 905 1334 demagogis
930 1247 1127 1314 incitantibus
1148 1249 1181 1313 in
1203 1251 1342 1335 praedam

323 1371 468 1436 insilerct.
492 1369 597 1455 (Vesp.
623 1370 684 1434 705
711 1367 804 1454 Vesp.
828 1370 891 1432 240
913 1369 1009 1454 seqq.)

367 1489 476 1575 Itaque
495 1511 556 1553 non
580 1486 778 1552 dubitandum
808 1487 885 1551 mibi
914 1487 1052 1566 videtur,
1075 1487 1163 1572 quin,
1187 1487 1340 1553 coniunct'

323 1609 383 1676 illis
407 1608 562 1674 sodaliciis
586 1608 761 1693 (ἑταιρεῖαι)
782 1629 860 1692 quae
878 1606 1053 1672 notissimae
1070 1612 1142 1671 sunt
1153 1606 1186 1672 in
1197 1606 1341 1674 Graeciae

323 1730 448 1795 historia
482 1728 534 1793 sed
568 1749 696 1814 quorum
730 1726 853 1813 publica
886 1726 965 1790 facta
996 1733 1070 1790 tunc
1103 1726 1247 1812 temporis
1281 1749 1341 1793 non

322 1853 610 1925 commemorantur,
642 1845 720 1910 clam
745 1845 845 1911 omnia
868 1844 1010 1925 iecerint,
1036 1852 1070 1910 ut
1092 1845 1183 1910 finem
1205 1846 1340 1932 impone·

322 1977 389 2034 rent
410 1968 549 2033 licentiae
567 1965 672 2053 plebis.
707 1965 822 2030 Eorum
839 1963 1029 2052 propositum
1048 1964 1208 2030 maximam
1227 1973 1340 2053 partem

323 2088 494 2176 congruisse
525 2109 594 2151 cum
624 2087 676 2166 iis,
705 2108 781 2171 quae
810 2085 848 2149 de
870 2084 1024 2171 republica
1046 2083 1124 2150 dicit
1145 2092 1251 2171 poeta,
1288 2109 1341 2172 pro

323 2185 404 2274 certo
421 2207 526 2273 habeo.
571 2206 617 2270 Ex
636 2205 829 2292 optimatium
850 2204 942 2290 igitur
966 2204 1114 2268 sententia
1136 2204 1211 2269 facit
1233 2213 1340 2292 poeta,

323 2329 377 2393 ubi
400 2351 502 2414 pacem
526 2350 596 2392 cum
620 2348 737 2390 summa
759 2323 912 2389 industria
935 2323 1041 2388 suadet
1072 2346 1107 2388 eo
1131 2325 1273 2406 consilio,
1306 2333 1341 2391 ut

322 2449 430 2534 iugens
447 2446 611 2512 multitudo
634 2467 800 2532 pauperum
823 2442 928 2508 urbem
951 2442 1115 2528 relinquat,
1139 2466 1231 2530 quae,
1255 2446 1340 2511 nullo

320 2565 421 2632 labore
451 2572 596 2652 occupata
622 2563 795 2650 demagogis
821 2562 1003 2646 obsequens,
1028 2563 1114 2628 bonis
1137 2570 1214 2628 esset
1235 2566 1339 2630 moles-

321 2687 447 2751 tissima.
485 2685 535 2751 Sic
569 2685 649 2750 enim
683 2683 787 2770 populi
817 2682 1038 2746 moderatorum
1068 2705 1136 2769 pars
1167 2685 1339 2769 potentiae,

321 2829 397 2891 quae
415 2827 539 2870 numero
560 2805 685 2883 valeret,
703 2803 860 2868 tolleretur
871 2809 901 2866 et
917 2802 1019 2888 plebs,
1044 2801 1191 2868 destituta
1208 2804 1339 2871 ducibus

319 2932 350 2990 et
383 2925 530 3004 mercede,
566 2946 656 3009 quam
689 2921 876 3007 accipiebant
899 2945 915 2986 e
938 2921 1059 3008 publico
1082 2945 1152 2988 mox
1175 2923 1339 2991 abstineret

319 3044 489 3130 republica,
513 3046 538 3110 si
561 3045 631 3109 indc
654 3047 810 3128 quaestum
835 3042 930 3106 facere
953 3064 1013 3106 non
1036 3051 1136 3128 posset
1161 3043 1226 3126 (cir.
1247 3044 1338 3131 Vesp.

321 3165 401 3243 605,
426 3165 512 3248 606).
942 3249 945 3256 Ι

363 3280 408 3344 Ut
440 3283 536 3368 igitur
568 3285 602 3347 in
634 3281 819 3368 Equitibus‚
856 3281 906 3344 oui
940 3280 1061 3345 fabulae
1099 3282 1197 3367 ipsum
1231 3304 1339 3348 nomen
1438 3373 1440 3378 Ι

320 3400 492 3466 inscribitur
523 3423 641 3481 eorum,
672 3402 724 3486 qui
753 3422 853 3465 secum
883 3399 1020 3479 stabant,
1053 3422 1119 3465 eam
1143 3401 1341 3468 democratiae

320 3519 445 3584 formam
479 3521 587 3586 acriter
620 3520 815 3607 perstringit,
851 3540 928 3604 quae
963 3518 1050 3584 valde
1083 3520 1254 3606 displiceret
1276 3531 1339 3594 τοῖς

320 3648 426 3710 καλοῖς
459 3641 610 3718 κάγαθοῖς
641 3648 670 3705 et
700 3639 732 3704 iu
756 3640 834 3704 Pace
859 3638 988 3723 aliisque
1010 3639 1121 3704 fabulis
1144 3663 1179 3704 ea
1202 3641 1340 3727 inprimis

319 3758 440 3838 suadet,
470 3782 547 3844 quae
574 3760 662 3825 bonis
692 3758 851 3823 utilissima
866 3761 868 3767 ’
882 3759 995 3838 forent,
1024 3758 1067 3821 sic
1096 3758 1128 3822 in
1153 3758 1267 3840 tabula,
1292 3763 1349 3860 cui·

322 3877 480 3965 „vespae”
501 3879 624 3959 titulus,
649 3879 748 3963 tangit
770 3878 876 3964 populi
900 3876 1027 3957 vitium,
1053 3877 1134 3962 quod
1156 3899 1217 3943 nou
1240 3879 1340 3944 miuus

320 4019 416 4062 mores
436 4005 639 4084 corumperet,
661 4019 750 4084 quam
768 3997 880 4061 bonum
902 4017 1053 4082 quemque
1066 4003 1194 4062 vexarat.
1230 3995 1341 4064 Omnia

320 4117 442 4183 adhibet
473 4128 508 4181 ut
538 4118 649 4204 populo
678 4118 802 4203 planum
834 4116 941 4197 iaciat,
968 4115 1224 4195 iurisdictionem,
1250 4139 1339 4202 quam

793 4887 1439 5182 Q
