3374 5232
836 386 877 446 48

347 599 416 678 Qua
444 597 529 682 gravi
559 597 748 662 accusatione
772 595 899 660 afflictus
922 594 1053 680 populus
1077 596 1235 658 convietus
1259 594 1362 678 culpae

348 715 418 802 (sq.
446 716 554 799 1111).

497 907 691 988 αἰσχύνομαί
709 930 755 972 τοι
776 917 847 981 ταῖς
868 907 1008 989 πρότερον
1031 907 1202 988 ἁμαρτίαις

393 1101 475 1168 Nam
497 1101 613 1168 solebat
634 1123 704 1168 vera
726 1103 842 1189 patriae
865 1103 946 1168 salus
968 1102 1108 1189 postponi
1131 1100 1248 1167 blandis
1267 1102 1366 1166 verbis

351 1228 381 1288 et
402 1222 561 1308 speciosis,
589 1243 666 1305 quae
688 1221 806 1287 lucrum
828 1221 1041 1308 pollicerentur
1048 1247 1057 1300 ;
1082 1221 1200 1286 oracula
1222 1218 1366 1284 derebus

352 1363 430 1426 quae
456 1340 664 1428 stupidissimo
691 1340 746 1405 soli
776 1347 875 1405 essent
903 1339 1058 1406 credibilia
1087 1339 1182 1426 magis
1209 1337 1368 1425 placebant
1459 1395 1460 1400 ,
1529 1369 1530 1372 ¹

352 1481 443 1544 quam
466 1483 513 1542 ca,
538 1482 615 1545 quae
638 1465 804 1546 spectarent
823 1459 861 1524 ad
880 1458 1062 1545 reipublicae
1085 1456 1251 1530 commoda.
1286 1455 1368 1537 Qua·

353 1577 488 1643 mobrem
510 1577 698 1658 insiciarius,
725 1580 778 1664 qui
800 1578 922 1646 Cleonis
945 1579 1132 1645 adversarius
1154 1577 1242 1644 utilia
1264 1577 1369 1642 suadet

355 1697 425 1785 (uq.
449 1700 558 1783 1064).

507 1898 582 1960 ἀλλ’
601 1895 701 1960 οὑτοσὶ
726 1895 789 1975 γάρ
813 1896 879 1960 ἐστὶ
905 1897 971 1978 περὶ
997 1901 1050 1961 τοῦ
1077 1900 1219 1982 caucasei

512 2017 526 2078 ὁ
550 2016 690 2096 χρησμὸς
715 2007 735 2094 ᾧ
761 2039 796 2080 σε
818 2015 865 2080 δεῖ
884 2016 1048 2096 προσέχειν
1076 2017 1128 2080 τὸν
1158 2019 1234 2080 νοῦν.

403 2211 559 2276 Praeterea
581 2210 676 2274 multa
698 2218 861 2277 occurrunt
884 2212 916 2276 in
938 2211 1048 2276 fabulis
1071 2213 1104 2277 in
1125 2213 1246 2278 laudem
1271 2213 1374 2278 classis

360 2332 484 2417 eiusque
514 2331 635 2396 dueum.
692 2331 729 2396 In
761 2332 852 2396 choro
884 2332 953 2416 (uq.
985 2334 1046 2397 5410
1077 2337 1173 2418 seqq.)
1211 2333 1375 2399 laudantur

360 2449 523 2538 Neptunus
552 2457 583 2516 et
612 2452 737 2516 maiores
763 2473 892 2536 quorum
920 2444 1034 2516 viribus
1068 2453 1239 2519 coniunctis
1269 2452 1375 2517 civitas

361 2570 482 2637 deberet
505 2570 655 2656 vigorem3
685 2570 843 2652 Phormio,
878 2571 932 2656 qui
958 2545 1095 2637 victoriis
1120 2572 1154 2636 in
1180 2572 1249 2637 sinu
1276 2570 1380 2637 Corin·

361 2690 463 2755 raiaco
495 2689 603 2776 (1111.
633 2689 679 2756 11.
709 2692 771 2770 aa,
799 2693 858 2771 aa,
890 2693 1034 2776 ae-na)
1069 2691 1225 2776 antiquam
1253 2675 1378 2778 gloriam

362 2809 569 2876 vindicaverat
591 2832 652 2875 non
674 2810 735 2875 nisi
757 2810 986 2876 honoratissime
1010 2833 1027 2875 a
1053 2816 1142 2897 poeta
1171 2798 1383 2877 commemora-

364 2937 430 3010 tur,
461 2951 642 3015 quamquam
670 2930 718 2995 vir
745 2929 885 2994 militaris
914 2952 974 2994 non
1008 2931 1106 2995 minus
1137 2929 1215 2995 bello
1245 2927 1380 3010 favebat,

365 3071 456 3133 quam
480 3050 548 3136 paci
571 3056 672 3136 poeta.

409 3169 491 3234 Talis
517 3170 598 3235 enim
629 3170 690 3234 111111
713 3169 826 3255 dignus
849 3177 925 3249 erat,
949 3169 1002 3254 qui
1025 3167 1113 3233 classi
1134 3175 1300 3255 praeesset;
1335 3191 1384 3233 ve·

367 3309 435 3354 rum
451 3288 476 3351 si
494 3287 685 3375 Hyperbolus
707 3288 760 3352 ille
783 3295 905 3353 centum
922 3310 1014 3353 naves
1035 3287 1224 3375 erepublica
1247 3297 1384 3374 quaerat,

369 3413 404 3470 ut
442 3406 535 3471 faciat
566 3407 790 3494 expeditionem
823 3408 856 3473 in
891 3406 1118 3494 Carthaginem,
1140 3409 1273 3493 'qualem
1307 3408 1387 3472 solus
1432 3381 1434 3384 V

370 3526 491 3590 insanus
518 3525 703 3614 demagogus
726 3527 894 3615 excogitare
916 3535 1035 3614 posset,
1057 3550 1120 3592 11111
1142 3550 1204 3592 non
1227 3527 1388 3593 tolerarent

372 3645 517 3712 triremes.
574 3645 753 3713 Praedicant
782 3669 814 3712 se
842 3653 997 3733 patescere
1032 3645 1117 3711 malle
1147 3646 1180 3710 in
1213 3648 1293 3726 loeo,
1332 3646 1387 3712 ubi
1489 3681 1493 3690 ·

372 3765 449 3847 sint,
484 3772 538 3832 aut
566 3768 726 3852 confugere
756 3767 798 3832 ad*
822 3789 903 3832 aram
930 3767 1052 3846 Thesei,
1087 3789 1177 3851 quam
1204 3766 1295 3832 talem
1326 3767 1391 3852 pati

373 3885 481 3952 ducem
509 3885 579 3972 (Eq.
606 3885 844 3972 laco-1315).

441 4070 476 4132 οὐ
494 4065 556 4146 γὰρ
575 4067 660 4143 ἡμῶν
680 4092 720 4145 ys
736 4068 922 4148 ’στρατηγῶν
945 4069 1134 4147 ἑγχαινεῖτω
1159 4049 1200 4151 cll
1224 4067 1323 4132 πόλει.
1446 4111 1449 4116 -
