3374 5232
788 450 827 511 65

344 666 425 730 Nam
459 665 570 750 populo
609 663 735 726 uictoria
779 662 817 724 ad
856 661 965 745 Pylum
1008 658 1171 724 exsultanti
1214 677 1317 743 pacem

299 786 433 870 accipere
467 782 673 861 dissuadebat,
713 779 804 866 probe
839 780 952 858 sciens,
987 779 1023 842 de
1054 799 1108 842 sua
1138 773 1320 840 auctoritate

300 911 400 968 aetum
423 905 504 979 fore,
533 901 560 964 si
582 923 641 986 pax
665 900 752 964 fieret
779 899 846 982 (oft.
870 899 940 963 Pac.
966 898 1041 964 667.
1062 895 1161 962 Sohol.
1184 894 1223 960 ad
1244 894 1318 960 Pac.

302 1025 376 1088 397.
407 1021 466 1106 Eq.
497 1023 599 1099 1036,
629 1018 724 1084 Thuo.
757 1017 795 1084 V.
829 1019 879 1083 16.
903 1016 961 1101 Eq.
986 1019 1049 1080 926
1074 1017 1171 1102 seqq.)
1194 1021 1225 1080 et
1248 1035 1315 1079 aum

301 1153 346 1208 ter
374 1141 468 1226 legati
493 1140 628 1204 venirent
651 1138 689 1202 de
711 1138 788 1201 Pace
810 1146 969 1222 postquam
992 1135 1065 1202 Lao.
1088 1136 1121 1200 in
1143 1133 1318 1221 Sphaoteria

301 1268 385 1325 eraut
412 1259 508 1344 eapti,
534 1259 607 1342 (quo
630 1265 762 1342 tempore
785 1257 983 1320 Athenienses
1006 1254 1193 1320 commodam
1215 1273 1320 1340 paoem

301 1381 397 1444 lacere
415 1377 596 1464 potuissent)
621 1375 765 1441 suadente
787 1373 898 1439 Oleoue
921 1375 1033 1438 inleota
1055 1396 1086 1438 re
1109 1380 1181 1438 sunt
1203 1372 1321 1438 remissi

303 1499 410 1582 (l'huc.
441 1498 506 1577 lv,
538 1499 594 1581 41)
625 1518 734 1581 magno
763 1516 832 1559 cum
863 1494 982 1574 dolore,
1014 1495 1135 1580 opinor,
1162 1499 1269 1580 poetae
1292 1499 1324 1556 et

303 1617 453 1697 omnium,
477 1617 530 1702 qui
553 1616 625 1680 Paci
648 1616 790 1679 faverent.
838 1615 939 1695 Quare
963 1614 1089 1678 Hermes
1113 1615 1146 1680 in
1167 1614 1246 1680 Pace
1270 1613 1322 1678 dat

305 1737 410 1822 culpae
439 1736 566 1822 populo,
597 1735 679 1818 quod
701 1756 821 1820 paoem,
844 1735 950 1820 longas
973 1733 1144 1800 afferentem
1168 1733 1322 1814 inducias,

306 1857 406 1921 urbem
425 1856 550 1921 introire
566 1877 626 1919 uon
650 1877 756 1941 passus
779 1855 837 1934 sit,
862 1853 1003 1919 inanibus
1026 1852 1145 1920 Cleonis
1168 1855 1324 1941 promissis

304 1975 449 2061 impulsus
473 1976 515 2059 (v.
541 1979 636 2059 titel:

436 2154 584 2218 ἀκούσαθ’
601 2155 688 2230 ὑμεῖς
712 2149 749 2216 ὧν
778 2151 868 2217 ἕνεκα
894 2155 1025 2233 μομφὴν
1051 2152 1130 2233 ἔχει·

437 2276 567 2339 ἐλθοῦσα
589 2281 684 2353 paca
713 2273 877 2352 αὑποαοὶπη
904 2273 989 2349 μετὰ
1016 2275 1074 2338 τοὶν
1094 2273 1187 2352 Πύλῳ

437 2396 569 2458 σπονδῶν
591 2397 729 2474 φέρουσα
752 2404 790 2474 πη
816 2393 902 2457 πόλει
926 2393 1033 2468 κίστην
1060 2395 1183 2474 πλέαν,

437 2515 745 2594 ἀποχειροτονηθῆναι
773 2515 835 2594 πρὶς
867 2516 896 2578 ἐν
923 2517 1098 2597 τήκκλησίᾳ

348 2695 441 2760 Cleon
474 2697 567 2781 igitur
598 2695 708 2780 aliique
737 2701 868 2759 oratores
898 2697 1027 2760 maxime
1057 2697 1126 2782 paci
1156 2694 1328 2766 obstabant.

305 2813 374 2894 Quo
403 2821 520 2880 mortuo
550 2815 653 2878 statim
683 2837 750 2899 spes
780 2815 863 2900 pacis
895 2822 983 2878 aucta
1014 2823 1073 2893 est3
1108 2837 1177 2880 nam
1212 2815 1323 2881 bellum
1391 2781 1394 2788 ¹

304 2941 339 2998 ut
368 2934 466 2997 iocose
497 2933 571 2997 dicit
602 2941 691 3020 poeta
720 2934 868 3019 pistillum
895 2935 1052 3015 amiserat,
1082 2958 1142 3021 quo
1167 2935 1323 3002 Graeciam

306 3051 494 3116 conculcaret
518 3053 600 3136 (Pae.
626 3055 719 3136 269):

468 3234 609 3299 ἀπόλωλ’
629 3235 829 3310 Ἀθηναίοισιν
853 3237 1057 3316 ἁλετρίβανος

467 3355 480 3417 ὁ
505 3355 728 3434 βυρσοπώλης,
754 3349 785 3424 ὅς
813 3357 908 3420 ἐκύκα
936 3356 1161 3429 πηνἛλλοὶδα.

350 3535 441 3622 Apud
473 3534 634 3620 Spartanos
668 3536 821 3602 Brasidam
857 3536 962 3600 eodem
992 3537 1170 3622 cognomine
1198 3537 1324 3624 dignum

305 3662 404 3718 censet
437 3661 535 3740 poeta.
581 3654 626 3718 De
661 3655 770 3740 quibus
800 3653 947 3720 ambobus
971 3655 1041 3720 belli
1073 3656 1220 3721 ministris
1247 3657 1323 3722 mire

305 3771 383 3837 inter
394 3795 425 3837 se
435 3774 630 3838 consentiunt
641 3759 836 3838 comoediae
846 3774 981 3838 historia.
993 3775 1137 3860 Legimus
1149 3775 1230 3840 enim
1242 3776 1322 3863 apud

303 3890 508 3978 Thucydidem
536 3893 616 3976 (tib.
630 3893 668 3959 V.
684 3897 736 3979 16)
755 3893 768 3957 ὁ
784 3895 840 3972 μὲν
862 3894 1025 3978 (Bresidas)
1049 3894 1099 3957 δια
1119 3895 1152 3958 τὸ
1176 3897 1321 3990 εὐτυχεῖν

304 4033 339 4074 πε
366 4011 418 4074 καὶ
443 4015 594 4089 τιμᾶσθαι
622 4015 656 4077 ἐκ
681 4019 735 4077 ποῦ
762 4025 930 4092 πολεμεῖν,
958 4015 970 4077 o‘
999 4014 1030 4078 δὲ
1050 4013 1165 4101 (Cleon)
1191 4017 1320 4096 νενομέ·

305 4153 354 4204 νης
380 4131 514 4210 ἡσυχίας
528 4133 803 4214 καταφανέστερος
825 4135 950 4216 νομίζων
977 4135 1014 4198 ἂν
1040 4131 1116 4200 εἶναι
1144 4143 1320 4218 κακουργῶν

1169 4263 1186 4321 5

868 4619 1122 5201 st
1264 4820 1543 5198 t:
