3374 5232
810 443 826 504 5

314 652 413 733 Quem
436 675 532 718 rerum
555 660 668 718 statum
690 654 817 738 pessime
846 653 949 717 oderat
970 659 1080 740 poeta,
1097 674 1191 738 quum
1215 650 1330 716 videret

312 769 524 857 rempublicam
554 771 701 858 perditam
732 771 786 837 ubi
817 771 972 859 plebecula
1001 771 1137 858 stupida,
1167 793 1199 836 se
1228 770 1329 858 ipsum

229 913 234 921 ·
313 913 411 977 regem
423 897 549 976 putans,
573 897 639 956 tota
657 914 689 956 se
704 891 826 957 dederet
837 891 927 972 viris,
951 892 1003 976 qui
1022 891 1107 956 illius
1124 890 1329 978 voluptatibus

313 1010 502 1096 indulgentes
524 1017 554 1076 et
576 1010 689 1076 insanis
712 1009 822 1075 studiis
850 1031 959 1075 morem
984 1016 1138 1096 gerentes,
1162 1009 1328 1096 potentiam

312 1129 560 1216 adipiscerentur,
584 1153 689 1216 parum
712 1129 880 1216 tyrannidis
902 1129 1088 1195 dissimilem.

356 1249 476 1336 Semper
498 1249 596 1314 adbuc
619 1249 746 1314 Athenis
769 1248 951 1334 reipublicae
970 1247 1160 1334 praefuerant
1181 1246 1254 1328 viri,
1275 1247 1330 1332 qui

311 1367 403 1453 proba
438 1369 615 1433 auctoritate
648 1375 679 1432 et
713 1368 792 1433 sanis
832 1367 965 1433 consiliis
998 1368 1144 1454 pupulum
1183 1367 1330 1434 moderati

311 1493 405 1551 erant.
451 1486 683 1566 Themistoclea,
708 1486 875 1566 Aristides,
896 1485 1009 1571 aliique
1029 1508 1100 1573 opes
1119 1493 1151 1551 et
1168 1486 1331 1574 imperium

312 1606 376 1670 eius
403 1613 563 1685 auxerant,
593 1629 690 1692 neque
724 1606 838 1693 populo
864 1605 1030 1692 potentiam
1053 1605 1214 1688 dederant,
1239 1628 1329 1691 quam

311 1747 411 1810 gerere
424 1749 482 1791 non
495 1734 604 1812 posset.
638 1725 730 1791 Urbis
741 1727 899 1812 pristinam
911 1726 1088 1791 felicitatem
1099 1749 1162 1792 nou
1174 1733 1326 1813 exspectat

310 1852 398 1931 poeta
414 1844 474 1910 nisi
492 1845 599 1932 populi
616 1845 718 1911 redeat
736 1846 863 1932 pristina
875 1845 1071 1912 continentia.
1086 1845 1203 1932 (Equit.
1219 1849 1327 1932 1321.)

388 2022 446 2099 οἷος
470 2025 642 2111 Ἀριστείδῃ
660 2025 801 2108 πρότερον
821 2027 874 2090 aar
904 2025 1064 2109 Μιλτιάδῃ
1084 2025 1246 2104 ξυνεσίτει.

354 2207 475 2289 Quibus
499 2208 570 2274 viris
594 2229 723 2293 quorum
740 2207 883 2273 virtutem
906 2207 1071 2274 admiratur
1087 2212 1177 2295 poeta
1199 2209 1327 2295 opponit

309 2326 465 2407 Cleonem,
496 2326 559 2391 suis
584 2326 673 2392 factis
699 2327 891 2414 gloriantem,
923 2349 1014 2413 seque
1040 2327 1148 2393 melius
1176 2327 1214 2393 de
1240 2350 1327 2415 repu-

296 2444 387 2540 blica
410 2446 549 2511 meritum
580 2468 642 2510 esse
672 2468 762 2531 quam
786 2447 886 2532 ipsum
909 2445 1162 2512 Themisthoclem
1187 2445 1326 2512 effutien-

302 2547 367 2630 tem
391 2564 458 2650 (afr.
482 2563 540 2650 nq.
566 2567 764 2650 ara-sau).

344 2662 415 2748 'Iam
439 2690 540 2750 autem
562 2683 708 2764 Pericles,
739 2683 826 2749 cuius
856 2690 940 2749 tanta
970 2683 1029 2749 fuit
1051 2683 1084 2748 in
1107 2683 1231 2750 civitate
1253 2707 1324 2751 auc·

307 2803 432 2883 toritas,
454 2810 490 2869 ut
512 2803 709 2869 democratiae
733 2805 846 2890 species
870 2803 992 2888 quidem
1020 2809 1168 2882 exstaret,
1190 2827 1222 2870 re
1253 2827 1324 2872 vera

306 2930 383 2988 esset
408 2923 543 3009 primarii
566 2923 625 2989 viri
646 2945 771 3010 regnum
795 2920 956 3010 (ἐγίγνετό
974 2947 1009 2988 τε
1035 2921 1119 3004 λόγῳ
1142 2925 1199 3002 μὲν
1228 2925 1321 3002 δημι-

306 3044 429 3124 ιιριιτίιι,
457 3042 587 3125 ἔργῳδὲ
614 3041 671 3108 ὑπὸ
697 3049 750 3108 τοῦ
777 3045 895 3124 πρώτου
916 3044 1020 3124 ἀνδρὸς
1047 3044 1130 3124 ἀρχὴ
1154 3043 1249 3109 Thnc.
1269 3043 1320 3125 Π,

306 3167 360 3247 65)
386 3171 492 3252 poetae
514 3164 649 3229 aculeum
674 3187 734 3228 uon
757 3165 881 3251 effugit,
913 3187 1095 3250 quamquam
1126 3185 1193 3230 eum
1224 3162 1320 3228 multo

305 3284 461 3370 auteponit
483 3284 717 3351 successoribus.
742 3285 812 3370 (Eq.
836 3287 923 3370 283).

347 3401 444 3468 Cuius
466 3404 509 3468 rei
533 3426 621 3468 causa
644 3404 720 3468 mihi
741 3427 802 3469 non
824 3404 914 3469 latere
938 3404 1065 3470 videtur.
1088 3401 1219 3468 Pericles
1241 3401 1321 3467 enim

303 3523 401 3609 puetis
423 3523 546 3588 comicis
569 3523 685 3587 invisus
716 3523 754 3589 ob
785 3524 898 3610 legem,
933 3523 970 3588 de
999 3545 1059 3608 qua
1088 3543 1177 3607 supra
1205 3520 1321 3585 dictum

304 3648 367 3722 est,
391 3642 496 3707 iisdem
519 3643 579 3707 iam
602 3644 717 3709 artibus
740 3667 812 3708 usus
834 3650 879 3708 est
896 3666 948 3729 per
971 3666 1045 3729 quas
1064 3648 1133 3729 post
1155 3640 1219 3707 eius
1242 3663 1320 3706 mor·
1412 3699 1419 3712 .

304 3765 366 3827 tem
388 3761 545 3850 demagogi
569 3764 669 3830 studia
692 3764 788 3849 plebis
810 3765 843 3828 in
862 3787 893 3829 se
913 3771 1028 3830 vertere
1051 3761 1199 3829 solebant.
1227 3762 1320 3848 Apud

304 3881 501 3948 Plutarchum
524 3885 556 3948 in
580 3883 643 3948 vita
666 3883 805 3962 Periclis,
829 3906 893 3970 cap.
920 3885 959 3948 15
983 3883 1122 3970 legimus:

303 4003 461 4082 χειροήθης
488 3997 521 4076 ἦν
549 4005 591 4083 τῷ
620 4003 705 4084 δήμῳ
729 4003 781 4068 acl
804 4003 900 4087 ῥᾴδιος
927 4002 1072 4068 ὑπείκειν.
1104 4003 1156 4068 acal
1187 4003 1318 4068 συνενδι-

305 4121 386 4186 δόνιιι
414 4129 486 4193 ταῖς
521 4121 698 4202 ἐπιθυμίαις
724 4120 824 4204 ὥσπερ
849 4131 956 4195 aurcis
992 4127 1052 4188 τῶν
1075 4127 1213 4202 πολλῶν,
1246 4122 1268 4187 i.
1292 4145 1318 4188 e.
