3374 5232
827 457 867 518 38

348 659 472 728 iudiciis
505 669 620 753 experti
654 677 734 735 sunt.
790 669 942 736 A'ffiuebat
977 673 1047 736 urbs
1083 667 1348 738 calumniatoribus
1355 724 1364 754 ,

349 802 426 866 quos
448 777 549 848 statim
573 785 721 852 dissoluta
749 789 930 856 democratia
953 791 1168 857 corrdemnatos
1190 814 1254 858 esse
1277 810 1367 879 supra

349 894 491 968 v'idir'dus.

391 1017 452 1085 Eos
475 1011 564 1108 poeta
586 1023 751 1092 identidem
774 1029 883 1094 acriter
905 1030 1020 1116 tangit:

394 1139 443 1204 Ab
470 1137 509 1204 iis
531 1141 689 1208 dissidium
714 1147 794 1211 inter
820 1147 1021 1213 Athenienses
1044 1155 1075 1215 et
1097 1149 1289 1236 Megarenses
1312 1151 1369 1217 ini-

350 1260 429 1327 tium
453 1261 566 1349 cepisse
589 1266 689 1351 arguit
713 1267 906 1368 Dicaeopolis
932 1269 1020 1353 (th.
1046 1271 1132 1353 515).

468 1446 568 1523 ,ἡμῶν
592 1447 655 1526 γάρ
679 1447 801 1529 άνδρες,
826 1431 898 1529 οὐχὶ
923 1451 978 1522 τὴν
1002 1449 1090 1513 πόλιν
1116 1451 1198 1526 λέγω

483 1566 559 1629 αλλ’
571 1566 718 1647 άνδράρια
742 1569 904 1648 μοχθηρά,
930 1569 1197 1648 παρακεκομμένα

485 1686 587 1765 άσιμα
612 1690 665 1751 καὶ
691 1690 867 1769 παράσημα
892 1692 943 1753 καὶ
971 1689 1133 1770 παράξενα

486 1807 690 1888 ἐσυκοφάντει
715 1808 887 1889 Μεράρεων
912 1810 952 1874 πά
976 1810 1161 1889 χλανίσκια.

396 2003 442 2068 De
473 2003 576 2069 eadem
600 2025 637 2068 re
667 2004 744 2069 dicit
774 1973 959 2090 Megarensis
983 2005 1124 2090 qnidam,
1149 2028 1167 2069 a
1189 2003 1367 2089 Dieaaopoli

352 2121 384 2185 in
418 2123 518 2187 forum
551 2123 716 2203 admissus,
752 2123 805 2189 ubi
840 2124 923 2188 videt
958 2123 1173 2210 sycophantam
1208 2123 1368 2208 appropin-

351 2249 494 2326 quantem
519 2243 610 2327 (Ach.
633 2244 728 2327 821):

645 2424 729 2487 τοῦτ’
743 2425 832 2487 ἐκεῖν’
856 2423 912 2488 ἵκει
938 2424 1035 2488 πάλιν

531 2543 652 2623 ὅθενπερ
676 2545 763 2623 άρχά
788 2546 847 2608 τῶν
871 2547 973 2609 κακῶν
997 2546 1073 2624 άμῑρ
1099 2546 1171 2626 ἔφυ.

396 2740 450 2804 Illi
479 2741 630 2827 imprimis
656 2741 838 2828 reipublicae
862 2742 953 2806 saluti
976 2742 1146 2808 officiebant
1169 2750 1200 2807 et
1222 2745 1302 2808 cives
1327 2768 1372 2808 so·

353 2861 585 2945 eiosquebonos
602 2868 631 2926 et
654 2862 770 2926 otiosos
793 2861 1028 2947 (ἀπράγμονας)
1054 2861 1137 2947 (Pae.
1164 2864 1261 2948 1040)
1287 2886 1373 2928 vexa·

353 2980 437 3046 bant.
489 2976 613 3046 Praeter
635 2980 708 3045 alios
732 3005 749 3045 a
771 2991 859 3067 poeta
881 2989 1059 3047 accusantur
1083 2982 1176 3044 Cleon
1203 2989 1233 3045 et
1256 2981 1373 3066 Hyper·

355 3100 457 3180 bolus,
497 3101 580 3186 quod
614 3100 771 3165 calumniis
805 3101 992 3166 adversarios
1026 3109 1189 3187 urgerent,
1223 3108 1258 3165 ut
1286 3102 1375 3166 simul

356 3219 451 3306 plebis
484 3220 617 3310 lubjdini
650 3221 856 3286 satisfacerent
880 3221 948 3306 (rq.
978 3225 1052 3285 435.
1077 3243 1162 3305 seqq.
1186 3223 1260 3286 258.
1289 3243 1373 3304 seqq.

361 3339 493 3406 Acham.
536 3342 609 3405 846.
656 3341 727 3406 Pae.
771 3343 858 3425 654).
912 3341 1050 3405 Graviter
1091 3340 1225 3424 increpat
1262 3340 1372 3404 chorus

360 3459 501 3525 Cleonem
525 3460 559 3523 in
582 3460 756 3546 Equitibus,
781 3463 855 3526 258.

427 3659 456 3721 ἐν
480 3655 546 3738 disq
570 3656 682 3732 ν’ἒπεὶ
706 3656 747 3718 τά
773 3657 858 3718 κοινά
883 3653 950 3732 πρὶν
975 3662 1090 3732 λαχεῖν
1115 3654 1287 3724 κατεσθίεις

427 3775 655 3864 κάποσυκάζεις
679 3776 787 3857 πιέζων
815 3776 884 3845 τοὺς
913 3773 1109 3845 ὑπευθύνους,
1136 3779 1255 3836 σκοπῶν

388 3887 393 3898 ’
428 3895 510 3968 ὅστις
536 3899 635 3968 αὐτῶν
661 3897 739 3972 ὠμὸς
765 3896 847 3958 ἐστὶν
872 3895 887 3968 t
913 3894 1018 3957 πὲπιον
1043 3896 1059 3968 ἥ
1083 3897 1127 3971 μὴ
1152 3895 1268 3958 πέπων.

427 4017 480 4082 καὶ
505 4025 629 4086 σκοπεῖς
657 4041 695 4091 γε
719 4017 779 4078 τῶν
805 4021 936 4078 πολιτῶν
963 4011 1045 4086 ὅστις
1071 4015 1154 4078 ἐστὶν
1179 4017 1319 4091 άμνοκών

426 4135 569 4205 πλούσιος
602 4135 654 4198 καὶ
679 4137 722 4211 μὴ
748 4137 871 4214 πονηρὸς
896 4135 956 4199 καὶ·
973 4135 1088 4214 τρέμων
1109 4135 1152 4198 πά
1177 4133 1368 4214 πράγματα.
