3360 5238
383 584 471 648 rebus
493 583 616 647 Graecis
630 585 665 667 1).
712 585 828 647 Deinde
847 585 975 668 legimus
996 585 1076 670 apud
1096 585 1301 670 Thucydidem
1319 573 1401 668 (Lib.

382 701 440 780 11‚·
456 703 509 784 67)
533 701 648 785 legatos
671 685 1032 766 Lacedaemoniorum'et
1056 703 1223 781 sociorum,
1241 724 1319 767 anno
1337 706 1400 765 429

382 820 533 904 profectos
555 841 620 884 esse
644 818 681 882 ad
704 840 805 903 regem
828 842 880 904 per
905 820 1063 902 Thraciam
1087 826 1122 882 ut
1144 819 1233 884 simul
1257 820 1403 898 Sitalcen,‘
1479 869 1485 879 .

384 936 615 1001 Atheniensium
634 938 749 1000 socium
768 923 802 1000 in
819 959 888 1002 suas
905 938 1058 1002 traherent
1073 945 1184 1023 partos.
1219 939 1288 1018 Qua
1300 943 1401 1002 tamen

384 1077 436 1140 spe
465 1055 603 1119 frustrati
633 1063 720 1136 sunt,
756 1077 848 1139 quum
878 1056 1009 1119 Sadocus
1040 1054 1163 1118 Sitalcis
1186 1055 1264 1118 filius
1287 1055 1401 1140 legatos

380 1171 510 1238 traderet
533 1172 780 1238 Atheniensibus.

425 1289 621 1382 Quamquam·
652 1291 732 1376 apud
768 1291 974 1376 Thucydidem
1008 1313 1069 1355 non
1106 1290 1200 1355 multa
1238 1299 1400 1354 occurrunt

380 1408 554 1494 delegatis
577 1408 808 1473 Atheniensium
832 1409 869 1473 ad
892 1431 992 1494 regem
1015 1410 1132 1489 missis,
1157 1417 1259 1473 tamen
1282 1409 1399 1494 saepius

377 1527 491 1592 factum
527 1549 592 1591 esse
610 1503 770 1591 ‘coniicias
805 1551 840 1590 ex
878 1527 917 1590 iis
951 1528 1041 1612 ipsis,
1073 1549 1151 1610 quae
1180 1529 1213 1591 in
1245 1505 1399 1591 comoedia

378 1645 477 1730 tangit
498 1655 598 1731 poeta.
643 1645 728 1710 Num
753 1645 826 1730 quid
844 1645 1065 1730 significarent,
1086 1646 1145 1709 nisi
1163 1644 1202 1709 ad
1218 1646 1296 1709 facta
1317 1667 1398 1731 spec·

377 1767 492 1843 tarent,
518 1785 595 1847 quae
617 1765 760 1848 leguntur
783 1763 815 1827 iu
839 1763 959 1828 Acham
983 1763 1026 1846 (v.
1051 1764 1145 1847 alal:

495 1923 572 1992 εἶδέν
594 1952 641 2000 τις
667 1929 749 2005 ὑμῶν
772 1927 954 2004 τάκβάταν’
979 1929 996 2002 ἢ
1018 1930 1088 2000 τοὺς
1114 1927 1251 2002 Kebren

421 2093 460 2158 In
478 2095 622 2159 concione
640 2095 672 2158 in
684 2094 740 2156 hac
751 2091 850 2157 fabula
865 2092 979 2156 comice
990 2091 1111 2170 habita,
1133 2091 1265 2156 Theoros
1277 2113 1397 2176 qnoque

375 2213 475 2292 adest,
505 2235 595 2298 quem
618 2219 706 2297 poeta
728 2213 846 2297 saepius
869 2212 974 2296 carpit.
1008 2211 1067 2274 Est
1084 2233 1162 2275 unus
1181 2233 1197 2274 e
1215 2210 1396 2289 iunioribus,

375 2330 487 2413 quibus
518 2330 640 2411 obiicit,
675 2331 757 2414 quod
780 2330 837 2415 ipsi
860 2328 964 2393 urbem
987 2329 1161 2413 relinquant
1183 2335 1213 2392 et
1235 2327 1398 2414 legationes

376 2455 512 2534 captent,
536 2450 610 2514 dum
627 2451 706 2512 cives
723 2449 854 2512 seniores
873 2448 903 2510 in
924 2446 997 2511 urbe
1007 2447 1140 2510 militant
1154 2448 1195 2530 (v.
1210 2447 1272 2508 600
1285 2447 1397 2528 seqq.):

514 2615 584 2692 ὁρῶν
607 2613 730 2682 πολιοὺς
753 2613 810 2689 μὲν
832 2609 944 2690 ἄνδρας
970 2614 999 2675 ἐν
1023 2620 1094 2683 ταῖς
1118 2612 1245 2688 τάξεσιν

512 2731 634 2802 νεανίας
659 2732 684 2793 δ’
707 2726 764 2800 οἷος
790 2731 827 2793 σὺ
852 2729 1102 2809 διαδεδρακότας.

422 2897 513 2960 Anno
541 2899 606 2958 429
630 2895 753 2980 legatus
772 2894 867 2958 fuisse
890 2895 1009 2959 videtur
1032 2896 1111 2980 apud
1136 2894 1283 2973 Sitalcen,
1309 2917 1398 2978 quem

375 3013 578 3078 Athenienses
607 3011 721 3077 socium
746 3011 802 3076 sibi
827 3011 1006 3098 cupiebant,
1029 3019 1065 3074 ut
1088 3012 1151 3075 eins
1174 3010 1285 3075 auxilio
1312 3011 1394 3075 Poti-

375 3132 480 3196 daeam
504 3138 651 3216 caperent.
690 3131 769 3194 Eum
793 3130 881 3215 fingit
905 3137 992 3214 poeta
1013 3151 1163 3193 reversum
1187 3137 1257 3215 post
1275 3129 1396 3215 longam

374 3248 555 3328 absentiam,
580 3255 614 3312 ut
636 3249 701 3335 ipse
723 3247 885 3335 praelegit,
911 3248 950 3312 ob
967 3249 1096 3312 hiemem
1109 3246 1249 3332 frigidam
1262 3248 1295 3310 in
1305 3245 1396 3311 Thra·

375 3369 422 3431 cia
453 3374 564 3445 ortam,
598 3367 681 3451 quod
709 3367 753 3432 ibi
776 3365 928 3452 Theognis
950 3373 1038 3451 poeta
1060 3365 1175 3430 fabulae
1198 3365 1335 3440 doceret,
1360 3371 1396 3430 ut

373 3485 485 3549 rectius
508 3486 679 3571 suspicatur
695 3484 885 3569 Dicacopolis
898 3483 936 3548 ob
949 3506 1086 3569 magnam
1099 3483 1281 3563 mercedem,
1305 3506 1396 3568 quam

373 3601 489 3686 legatus
507 3602 667 3688 acciperet.
692 3603 747 3664 Vir
769 3608 888 3665 astutus
906 3602 1019 3686 optime
1038 3603 1135 3665 sciens
1152 3601 1265 3665 civium
1278 3601 1395 3665 animos

374 3712 588 3778 blanditiarum
611 3712 848 3790 amantissimos,
873 3712 916 3776 ita
940 3713 1031 3776 refert
1055 3711 1091 3776 de
1108 3710 1223 3775 Sitalce¹
1239 3712 1282 3795 (v.
1301 3713 1393 3795 leat:

373 3871 555 3888 Ἢ

391 3951 423 4027 ,1)
450 3959 486 4008 De
502 3975 548 4023 qua
564 3973 589 4006 re
607 3952 668 4006 dicit
684 3947 756 4006 erote
773 3967 828 4020 pag.
851 3946 898 4008 167
916 3947 968 4004 vol.
983 3946 1030 4004 VI:
1049 3967 1062 4002 a
1079 3949 1225 4004 remarkable
1242 3949 1352 4003 evidence
1370 3951 1395 4002 of

372 4039 520 4103 melancholy
538 4039 672 4089 revolution
689 4039 715 4086 in
733 4038 832 4086 Grecian
850 4037 935 4086 affairs.
